3475 4234
520 199 691 292 314
1062 171 1794 270 SCRIPTORES
1853 171 2525 256 PRUTENICI

761 355 1051 434 XVII.
1126 353 1463 434 ACTA
1522 346 2313 450 CONVENTUS
2383 350 2543 430 ET
2617 349 3084 434 COLLO·

514 469 791 580 QJII
861 467 1705 548 CHARITATIVI
1792 443 2777 558 THORUNIENSIS,
2837 467 3092 556 Anno⁴
3184 557 3200 572 .

525 607 561 664 1
578 587 773 685 645.
844 579 1241 674 celebrati,
1302 601 1397 658 ex
1450 575 1804 660 mandato
1848 577 2090 683 Regio
2141 575 2502 656 Varsaviae
2537 577 2778 656 Anno
2851 601 2886 656 1
2903 584 3081 680 646.

512 696 717 800 typis
753 693 971 772 edita.
1079 693 1373 801 Qibus
1406 711 1693 772 annexa
1732 695 1838 771 est
1865 689 2254 772 Generalis
2299 688 2688 770 Confeffio
2722 685 3082 772 doetrinae

511 805 987 889 Ecclesiarun
1020 806 1583 886 reformatarum
1609 856 1634 900 ,
1686 805 1772 885 in
1824 809 2092 937 Regno
2139 804 2519 898 Poloniae‚
2575 806 2685 882 M.
2717 805 2818 882 D.
2865 805 3080 886 Litu-

383 927 405 936 ”
512 921 754 1013 aniae,
815 919 890 998 &
964 919 1269 1000 annexis
1324 923 1597 1024 Regno
1662 918 2074 1026 provinciis
2112 965 2138 1015 ,
2199 917 2286 998 in
2325 915 2601 999 eodem
2659 915 3082 1023 Colloquio

512 1030 859 1112 exhibita.

758 1145 979 1224 Zelus
1026 1143 1331 1250 quidem
1374 1145 1594 1251 Regis
1634 1137 1989 1226 Vladislai
2028 1139 2167 1226 IV.
2209 1146 2304 1224 ad
2356 1141 2888 1250 componenda
2936 1139 3080 1222 dis

511 1256 748 1338 fidia
728 1285 811 1338 m
850 1259 1245 1363 Religione
1286 1285 1427 1366 per
1472 1263 1820 1364 Regnum
1873 1260 2256 1354 Poloniae,
2298 1258 2512 1338 omni
2558 1257 2769 1338 laude
2807 1255 3078 1360 dignus

510 1372 689 1452 fuit.
740 1371 866 1452 sed
902 1399 1127 1501 quam
1156 1371 1473 1453 sterilem
1502 1399 1808 1481 operam
1835 1373 2016 1454 huic
2038 1365 2518 1454 saluberrime
2543 1370 2656 1449 rei
2679 1370 3080 1466 mutaverit,

508 1485 591 1566 &
638 1511 797 1590 quo
848 1487 1155 1584 animo,
1194 1487 1561 1591 quibusve
1618 1477 2168 1566 obstinatiffime
2223 1484 2599 1566 reservatis
2628 1533 2654 1578 ‚
2698 1481 3090 1564 pontificii-

507 1599 879 1682 Doaores
938 1599 1031 1678 ad
1093 1602 1495 1703 Colloquia
1554 1599 1720 1678 talia
1763 1601 2116 1679 accedant
2141 1647 2168 1695 ‚
2211 1619 2524 1679 eventus
2569 1597 2646 1678 &
2675 1597 2828 1678 affl
2861 1596 3084 1698 hujus

508 1713 587 1791 &
646 1735 773 1789 tot
836 1713 1145 1790 aliorum
1200 1735 1715 1790 conventuum
1767 1713 2210 1792 docuerunt.
2318 1715 2592 1791 Donec
2631 1705 2838 1792 enim
2877 1713 3078 1790 Pon

506 1823 697 1904 tifex
748 1828 1127 1904 Romanus
1154 1877 1179 1916 ,
1238 1825 1687 1929 Theologos
1728 1825 1807 1906 δε
1845 1825 2258 1932 Episcopus
2303 1823 2472 1905 suos
2499 1879 2524 1920 ‚
2579 1823 2617 1904 a
2659 1825 3078 1924 juramento

510 1935 983 2035 subjefflonis
1038 1961 1200 2015 non
1259 1933 1585 2018 absolvet
1615 1995 1637 2027 ,
1694 1941 2202 2045 Regulamque
2247 1939 2606 2019 credendi
2669 1939 2968 2019 unicam
2999 1937 3078 2018 &

504 2049 731 2130 solam
792 2051 862 2129 S.
904 2048 1353 2154 scripturam
1382 2103 1407 2145 ‚
1464 2049 1570 2131 sui
1624 2051 1842 2159 ipsius
1895 2052 2382 2160 interpretem
2398 2106 2423 2148 ‚
2463 2076 2634 2133 non
2689 2050 3078 2156 agnoscet,

506 2163 719 2242 nulla·
750 2161 1019 2244 finoera
1060 2189 1233 2244 cum
1282 2163 1623 2244 fidelibus
1667 2165 2078 2246 concordia
2127 2165 2395 2272 sperari
2423 2220 2450 2263 ,
2504 2163 2787 2246 ιιεάΐιιιι
2833 2164 3080 2246 inscio

504 2277 733 2382 Papa,
772 2275 1118 2382 supremo
1160 2281 1661 2358 Romanarum
1692 2279 2172 2360 Ecclesnarum
2215 2280 2562 2360 omnium
2604 2279 2880 2358 arbitro
2907 2325 2932 2373 ,
2983 2279 3082 2358 ab

504 2391 725 2469 unius
754 2393 996 2494 Regni
1024 2395 1087 2469 Ί
1088 2391 1449 2494 heologis
1488 2392 1758 2471 tentari
1787 2393 2056 2498 potest.

754 2504 829 2581 A
874 2527 1082 2608 parte
1120 2503 1740 2608 Evangelicorum
1779 2509 2020 2586 Anno
2061 2503 2334 2586 eodem
2409 2530 2446 2588 1
2461 2508 2642 2608 646.
2695 2439 3074 2584 Berolini·
3049 2549 3078 2600 ,

504 2615 711 2694 item
727 2615 858 2695 alia
898 2614 938 2694 a
966 2615 1311 2720 Georgio
1357 2618 1662 2698 Calixto
1699 2621 1798 2698 D.
1837 2621 2042 2726 typis
2085 2619 2320 2714 edita,
2371 2619 2522 2698 aeia
2565 2619 2644 2700 &
2679 2615 3080 2698 relationes

506 2727 723 2827 hujus
744 2729 1137 2832 Colloqvii
1163 2731 1749 2827 Thorunienlis,
1777 2734 2026 2812 multa
2035 2733 2407 2826 referunt,
2433 2757 2598 2834 quae
2626 2730 3086 2832 ‘theologo--

505 2863 673 2919 rum
704 2839 1280 2920 pontificiorum
1315 2843 1824 2925 intentionem
1850 2902 1876 2943 ‚
1919 2845 1995 2926 δι
2031 2843 2324 2948 culpam
2368 2843 3077 2940 soluti.hujus..oon-

506 2977 775 3034 ventus
792 3009 813 3046 ‚
861 2954 1249 3035 evidenter
1282 2981 1623 3061 arguunt.

736 3069 1077 3148 XVIII.
1148 3070 1349 3167 JUS
1422 3073 1581 3152 TE
1602 3069 2144 3153 RRESTRE
2235 3070 3074 3153 NOBILITATIS

504 3181 1080 3278 PRU‘SSIAE·²
1138 3185 1390 3266 Anno·
1422 3197 1667 3288 1598.
1729 3180 2144 3262 correftum
2173 3236 2197 3277 ‚
2233 3186 2434 3290 typis
2477 3183 3074 3281 Gedanenfibus5
3165 3237 3170 3242 -

506 3291 679 3372 cura
735 3297 1063 3375 Danielis
1122 3296 1563 3376 Pattersonii
1620 3291 1946 3388 Latine.
2009 3293 2468 3380 Germanice
2497 3353 2520 3392 ‚
2557 3299 2666 3380 «δι’.
2708 3295 3076 3380 ΡοΙοιιίοὲ

503 3403 803 3486 editum
828 3412 1071 3489 Anno
1109 3412 1353 3514 1657.
1409 3407 1711 3488 Distum
1751 3409 1856 3490 est
1887 3407 2214 3518 superins
2245 3413 2332 3490 in
2349 3412 2487 3491 fol.
2516 3415 2676 3495 No
2703 3433 2831 3512 19
2855 3412 3074 3516 quod

506 3519 955 3600 corresturas
1005 3522 1199 3618 Juris
1244 3522 1657 3602 Culmenfis
1697 3524 2042 3604 Ordines
2085 3523 2368 3603 Pruffiae
2399 3525 2789 3604 Polonicae
2804 3525 3082 3607 Seculo

504 3635 714 3716 XVI.
742 3630 998 3740 saepius
1028 3637 1425 3736 tentarint,
1465 3635 1591 3719 sed
1617 3638 2202 3746 impedientibus
2229 3637 2670 3756 Nobilibus7
2715 3639 2846 3744 qui
2875 3664 3072 3741 quo

2824 3747 3069 3842 tannis
