3475 4234
1312 193 1453 277 IN
1512 194 2056 306 QJARTo.
2370 198 2380 211 ·
2795 222 2950 306 123

394 382 677 463 maluit.
788 380 1025 479 cujus
1072 384 1560 479 memoriam,
1620 382 1818 497 quast
1871 380 1964 459 ad
2001 402 2252 461 totum
2295 406 2488 485 opus
2531 406 2698 459 non
2735 384 2966 485 perti-

396 517 653 589 neret,
680 493 811 571 vix
842 494 1091 573 obiter
1120 496 1421 599 attingit
1445 522 1610 599 pag.
1646 520 1752 601 13.
1776 494 1954 573 ubi
1931 493 2226 605 inquit:
2288 497 2503 599 Hujus
2535 493 2838 602 opinionis
2874 490 2965 598 est

395 607 733 685 Martium
750 614 1129 685 cromerus
1162 604 1517 709 Historicm
1554 609 1926 698 eolo-orum
1957 599 2440 713 gravissimu.
2483 604 2560 683 ἃ.
2599 630 2764 710 pag.
2793 610 2842 687 6
2857 630 2966 713 13.

396 719 695 823 Legatis
721 717 864 797 suis
912 719 1005 796 ad
1047 718 1298 797 foedus
1339 745 1515 799 cum
1554 722 1762 826 Rege
1795 718 2054 799 Daniae
2095 716 2476 795 Friderico
2501 739 2762 797 eontra
2791 720 2966 795 Sve-

394 856 531 912 cos
558 831 1099 951 pangendum,
1140 821 1591 938 sigismundus
1631 826 1962 938 Augusta
1999 838 2144 907 Rex
2165 825 2384 938 postea
2422 821 2688 907 addidit
2719 830 2970 907 Marti·

394 966 547 1023 num
596 944 1004 1019 cremeram
1028 930 1123 1031 ὁ·
1174 944 1593 1019 Demetrium
1645 944 2080 1021 Sulicovium.
2197 945 2471 1020 Praeter
2529 941 2688 1025 haec
2746 943 2968 1031 verba

394 1078 767 1245 ffifflm
805 1052 1541 1269 ἱίἷῖἔωΐῗέἲὲῐῗ
1561 1052 2043 1273 ffiffl
2057 1078 2316 1272 ”³352
2325 1079 2470 1247 ²31¹
2471 1048 2982 1249 ᾍῖἛῗὲἰὶῗ

734 1215 763 1261 2

397 1278 691 1358 laudare
718 1278 1015 1373 voluit,
1046 1278 1477 1384 praefixerit.
2989 1342 3015 1355 f

646 1388 896 1498 Qarn
924 1390 1405 1471 criminosum
1430 1389 1635 1469 hoc
1610 1415 1697 1469 ιιι
1723 1414 1808 1467 re
1833 1385 2148 1470 lineraria
2176 1388 2302 1485 fit,
2347 1392 2490 1470 viri
2490 1416 2766 1519 graves
2797 1400 2972 1473 cum

398 1500 891 1581 detestatione
926 1528 1229 1607 arguere
1254 1501 1547 1583 solent:
1610 1502 1808 1611 Qia
1871 1504 2122 1581 omnis
2184 1504 2372 1581 boni
2414 1504 2578 1583 viri
2639 1503 2970 1609 probitas

402 1612 698 1719 poscit,
746 1636 837 1692 ut
868 1614 965 1692 ad
1003 1614 1417 1695 faciendam
1455 1616 1806 1695 Historiae
1844 1610 1988 1695 suae
2031 1615 2261 1695 fidem
2287 1614 2722 1710 AuthoreS,
2758 1638 2973 1695 com-

398 1725 807 1805 mentarios
856 1726 936 1806 &
972 1729 1481 1808 Archivorum
1526 1726 1840 1823 scrinia,
1877 1723 2086 1807 unde
2122 1726 2487 1825 hauserit,
2547 1720 2970 1807 honorifice

400 1837 741 1967 praefari,
780 1836 859 1918 δε
912 1840 1007 1919 ad
1056 1840 1591 1947 persvafionem
1632 1840 1958 1921 veritatis
2019 1840 2322 1946 allegare
2379 1840 2665 1920 debeat.
2775 1838 2972 1949 Qis

398 1950 611 2029 enim
654 1974 779 2031 tot
814 1952 1093 2031 Seculis
1146 1974 1319 2034 ante
1364 1951 1439 2031 se
1480 1952 1629 2031 adia
1684 1951 2000 2057 posteris
2043 1953 2320 2057 absque
2371 1954 2724 2035 Authore
2777 1952 2970 2033 anti-

403 2061 655 2164 quiori
718 2064 1175 2157 obtrudere,
1218 2063 1305 2142 &
1370 2088 1537 2141 non
1598 2062 1744 2142 visa
1805 2088 1952 2141 nec
2005 2066 2250 2143 audita
2311 2066 2491 2145 vel
2469 2094 2553 2145 m
2591 2066 2746 2147 aliis
2790 2065 2970 2145 lech

403 2197 697 2252 narrare
732 2174 1049 2255 audeat?
1104 2170 1768 2285 Qemadmodfim
1801 2176 2224 2257 Cromerus
2239 2176 2646 2259 Archivum
2663 2177 2970 2290 Regni,

406 2284 760 2382 Gallum,
796 2286 1323 2383 Kadlubkum‚
1355 2288 1793 2393 Dlugoss'um
1820 2337 1848 2385 ,
1889 2286 1968 2368 δι
2000 2289 2412 2394 Scriptores
2439 2313 2739 2371 exteros
2769 2316 2970 2371 non-

406 2384 657 2479 nullos
688 2399 959 2481 adcitat
981 2453 1009 2497 ‚
1060 2424 1283 2505 atque
1322 2402 1671 2484 Historiae
1704 2400 1943 2481 fidem
1973 2400 2067 2480 ad
2089 2401 2288 2506 ipsos
2325 2400 2578 2482 refert.

641 2514 1227 2615 Neugebauerus
1286 2536 1537 2593 autem
1598 2515 1728 2594 hio
1793 2514 2168 2593 rationem
2216 2514 2477 2592 suentii
2534 2512 2644 2592 sui
2692 2512 2974 2592 nullam

406 2623 867 2729 probabilem
890 2624 1281 2727 prodidit,
1328 2624 1407 2703 &
1436 2620 1742 2704 absurde
1767 2626 2223 2705 Cromerum
2253 2624 2765 2720 diffimulavit‚
2799 2652 2972 2703 cum

407 2736 736 2817 Historia
761 2738 1149 2832 Cromeri,
1194 2760 1387 2817 tunc
1424 2737 1669 2817 adhuc
1713 2760 1976 2817 recens
2014 2738 2391 2843 impretia,
2438 2738 2720 2843 ubique
2791 2761 2971 2817 nota

406 2846 610 2929 esset.
716 2848 961 2931 Miror
984 2870 1277 2945 tamen,
1304 2850 1591 2930 nemim
1612 2851 1808 2930 hanc
1833 2851 2238 2931 Historiam
2263 2874 2362 2931 ex
2390 2850 2594 2931 libris
2619 2850 2972 2932 Cromeri

408 2958 991 3065 exscriptionem
1034 2959 1281 3043 sedula
1334 2962 1736 3043 collatione
1774 2964 2162 3066 utriusque
2189 2962 2586 3070 Scriptoris
2631 2963 2972 3044 observa-

410 3092 567 3161 tarn
590 3070 849 3167 fuiffi,
898 3069 1103 3153 certe
1136 3075 1519 3157 neminem
1566 3073 2002 3167 offendiffe,
2049 3100 2286 3178 usque
2314 3071 2562 3166 adeo,
2605 3098 2696 3157 ut
2752 3074 2974 3155 fonte

287 3261 293 3268 .
410 3180 575 3287 ipso
612 3184 961 3263 Cromeri
994 3186 1316 3283 omiss‘o,
1356 3188 1572 3281 multi
1598 3189 1834 3268 exteri
1853 3185 1938 3267 &
1965 3188 2369 3285 nostrates,
2411 3189 2508 3267 ad
2538 3188 2736 3268 hanc
2759 3192 2972 3269 Neu-
3107 3264 3114 3271 .

412 3294 757 3398 gebaueri
791 3296 1244 3392 Historiam,
1291 3321 1645 3405 tanquam
1670 3302 1764 3380 ad
1808 3324 2014 3407 opus
2041 3324 2338 3381 novum
2375 3300 2454 3381 δι
2479 3300 2972 3407 pleniffimum

411 3430 863 3513 provocent.
1026 3408 1483 3491 Schediafina
1556 3414 1854 3520 Hoppii
1914 3415 2012 3493 de
2071 3414 2574 3521 Scriptoribus
2625 3414 2973 3500 Historia&

414 3520 868 3619 Polonicae,
930 3506 1555 3628 Neugebauerum
1622 3527 1826 3605 inter
1877 3526 2586 3633 Compendiatores
2623 3524 2974 3607 Cromeri

412 3631 690 3717 refert.
746 3632 876 3717 sed
912 3660 1017 3721 ne
1066 3636 1167 3719 fic
1206 3636 1515 3746 quidem
1551 3638 1764 3725 famae
1811 3639 2006 3723 illius
2044 3637 2346 3747 penitus
2395 3638 2818 3723 consultum
2845 3640 2972 3723 est·

1594 3752 1793 3863 (ξι
2601 3794 2606 3799 ·
2733 3753 2818 3834 N
2821 3774 2971 3829 am
