3475 4234
471 184 578 262 26
1126 174 1861 261 SCRIPTORES
1884 177 2336 262 POLONI

423 437 434 448 ,
465 351 768 464 penitus
807 349 994 435 novi
1019 353 1387 486 molienti,
1417 351 1544 436 sed
1569 295 1979 448 secundum
2011 357 2331 437 oracula
2362 353 2511 438 Dei
2542 353 2621 438 &
2646 353 3043 440 Primitivae

465 469 798 552 Eeclefiae
845 470 1109 576 praxin
1138 522 1164 568 ,
1223 470 1309 548 in
1365 467 1450 548 ea
1505 463 1817 576 q'uoque
1874 479 2085 579 parte
2130 469 2411 550 salubre
2462 473 2719 554 Patriae
2770 471 2849 553 &
2896 473 3047 555 toti

465 586 662 666 Orbi
697 583 1122 700 Christiano
1158 581 1586 680 videretur,
1635 587 1730 664 ad
1774 583 2059 704 Regem
2084 635 2109 682 ‚
2171 583 2527 664 Senatum
2564 633 2591 681 ‚
2650 586 3091 667 subditos-⁶

463 719 614 803 que
645 691 1090 776 universos
1054 749 1080 793 ,
1117 697 1368 776 animo
1405 697 1729 778 veritatis
1754 691 2041 778 lumine
2067 697 2447 793 illustrato,
2476 695 2773 779 duobus
2800 696 3046 780 Libris
3198 701 3205 710 ’
3370 691 3385 706 ’

464 813 560 892 de
589 803 950 906 Ecclefia,
989 804 1430 916 proposuit3
1467 813 1802 907 Naevos,
1830 810 1907 890 &
1938 813 2028 890 ab
2058 809 2359 920 antiqua
2388 813 2695 892 veritate
2720 811 3043 894 nimium
3194 831 3201 840 ·

463 925 934 1006 aberrantes
913 949 998 1004 m
1029 922 1387 1020 Doctrina
1419 921 1497 1002 δι
1533 925 1869 1005 moribus
1900 917 2451 1005 exorbitantias
2480 925 2815 1006 Ecclefiae
2840 977 2869 1023 ‚
2904 920 3057 1037 per‘
3138 923 3147 932 ’
3196 945 3209 955 ·

463 1037 881 1145 potiffimos
910 1035 1290 1118 Articulos
1325 1035 1503 1115 fidei
1528 1089 1553 1134 ‚
1595 1038 1780 1118 item
1806 1035 2227 1145 Discipfinae
2252 1089 2279 1134 ,
2311 1017 2602 1144 Legum
2628 1035 2709 1120 δι
2735 1037 3045 1120 Rit'uum

461 1141 1171 1246 Ecclefiasticomm‚
1221 1149 1456 1231 libere
1479 1149 1557 1230 δι
1592 1150 1902 1233 cordat'e
1928 1205 1953 1248 ‚
1990 1149 2269 1258 pietate
2302 1151 2380 1230 δι
2406 1151 2764 1231 modestia
2792 1175 3049 1234 tamen
3194 1167 3209 1183 ’

367 1313 376 1330 =
464 1266 556 1344 ad
589 1265 986 1345 calumnias
1019 1317 1044 1361 ,
1081 1287 1226 1372 pro
1256 1261 1680 1347 commodis
1715 1267 1791 1344 ἃ
1818 1263 2237 1345 honoribus
2282 1261 2525 1344 Seculi
2551 1317 2577 1360 ‚
2615 1263 2997 1346 veritatem
3016 1313 3043 1362 ,
3188 1269 3199 1295 ³

461 1377 734 1459 scilicet
763 1379 909 1458 Dei
943 1383 1336 1474 Verbum,
1371 1377 2085 1484 lirluternquegregis
2114 1399 2197 1454 ac
2228 1377 2473 1456 suam
2452 1379 2681 1483 impie
2702 1379 3039 1484 proden-

459 1491 652 1574 tium
680 1543 704 1589 ,
759 1483 1129 1589 immota,
1179 1491 1526 1572 dilleruit.
1633 1493 1893 1596 Atque
1946 1519 1987 1570 a
2044 1487 2401 1569 Concilio
2447 1489 2785 1595 legitimo
2840 1491 2917 1573 h.
2974 1511 3043 1571 e.

461 1608 878 1687 Communi
937 1607 1228 1720 Regum
1267 1656 1291 1702 ,
1347 1603 1779 1710 Principum
1820 1657 1845 1700 ‚
1904 1602 2306 1708 omnisque
2370 1601 2617 1684 Status
2670 1603 3051 1686 Virorum·
3186 1620 3195 1636 ·

459 1713 1052 1800 Christianorum
1083 1740 1271 1796 voto
1299 1717 1376 1796 &
1405 1713 1765 1796 consensu
1794 1733 2223 1796 convocato
2250 1767 2275 1812 ,
2302 1715 2387 1798 in
2412 1717 2699 1797 unitate
2724 1717 3041 1824 Spiritus
3184 1737 3189 1746 ·

459 1830 768 1912 Sanc'ti
743 1859 779 1909 a
811 1830 1014 1911 Viris
1049 1830 1192 1937 piis
1239 1805 1627 1934 doctisque
1657 1830 2143 1910 ecclesiasticis
2169 1831 2249 1910 <St
2277 1829 2709 1910 secularibus
2738 1883 2765 1927 ,
2814 1829 3039 1911 solius

365 1990 383 2011 ι
456 1946 697 2026 Verbi
726 1945 1037 2039 Divini‚
1081 1943 1352 2022 nullius
1381 1945 1686 2022 humani
1715 1944 2085 2052 respectus
2122 1969 2272 2023 neu
2306 1945 2687 2051 potestatis
2722 1943 3039 2024 vinculis

461 2057 824 2165 obligatis,
867 2057 1341 2152 celebrande,
1384 2055 1913 2136 definitionem
1940 2057 2637 2154 Controverfiarum
2664 2057 3039 2152 omnium,
3168 2075 3184 2120 -·

458 2173 535 2254 8(
562 2177 826 2252 Pacem
856 2171 1185 2251 Eccleliae
1215 2170 1676 2268 Catholicae,
1733 2173 2322 2288 Regnorumque
2348 2173 2669 2278 Europae
2688 2171 3037 2278 expefla-
3116 2185 3121 2190 “

458 2285 570 2366 vit
597 2339 621 2382 ,
667 2285 1242 2390 authoritatique
1266 2282 1394 2363 tali
1421 2281 1881 2364 sacrosanti}ae
1907 2275 2253 2365 iiibmisrt.
3125 2344 3136 2352 .
3170 2281 3183 2296 '

705 2398 850 2480 Sed
880 2401 1022 2480 Vir
1064 2397 1184 2478 ille
1215 2393 1462 2478 bon'us
1503 2397 1636 2476 &
1607 2399 1773 2504 pius
1800 2451 1827 2496 ‚
1872 2419 2047 2478 eum
2074 2395 2325 2476 multis
2352 2393 2783 2518 hujusmodi
2810 2393 3033 2478 Veri-

458 2511 626 2594 tatis
676 2513 1137 2594 Zelatoribus
1165 2563 1190 2608 ,
1231 2510 1314 2590 in
1343 2507 1692 2592 omnibus
1733 2507 2010 2618 Regnis
2042 2511 2475 2590 Christianis
2502 2563 2528 2608 ‚
2566 2511 2767 2591 tunc
2802 2507 3034 2616 agno-2
3052 2611 3059 2616 Ι
3172 2507 3181 2521 ’

457 2625 880 2738 scentibus,
939 2625 1154 2733 quod
1198 2621 1422 2705 causae
1477 2649 1831 2706 motuum
1868 2628 1952 2706 in
1996 2623 2323 2706 Eeclefiis
2366 2625 2645 2706 Christi
2669 2677 2694 2722 ‚
2750 2657 2791 2705 a
2820 2624 3035 2704 disci·
3046 2657 3055 2664 ·

455 2739 676 2848 plinae
745 2767 830 2820 ac
895 2747 1200 2820 morum
1275 2737 1603 2818 extrema
1669 2739 2163 2844 corruptione
2214 2791 2242 2834 ‚
2316 2739 2565 2842 legum
2630 2739 3035 2819 sanciatam
3166 2737 3175 2748 ’

457 2853 881 2950 solutione,
925 2853 1161 2933 Verbi
1190 2848 1337 2931 Der
1363 2903 1389 2947 ‚
1429 2852 2029 2933 Christianorum
2056 2849 2263 2927 muci
2288 2842 2775 2945 finnamentr,
2814 2849 3050 2954 super'

458 2967 670 3073 quod
713 2968 1100 3048 Eccle.1am
1153 2964 1351 3043 suam
1393 2959 1799 3062 fundavit,
1852 2961 2395 3043 contumeliosi
2437 2961 2849 3064 abjechone
2874 3015 2900 3060 ‚
2954 2961 3035 3042 δι

457 3083 697 3162 Vocis
725 3081 1004 3162 Christi
1033 3078 1229 3185 apud
1259 3077 1631 3156 Pastores
1613 3077 1809 3178 juxta
1846 3102 1933 3155 ac
1958 3099 2217 3182 greges
2242 3074 2654 3172 oblivione,
2674 3075 3035 3158 doflrinae

457 3195 719 3302 itaque
739 3219 822 3274 ac
843 3196 1126 3276 rituum
1157 3191 1501 3272 omnium
1527 3189 1611 3268 in
1639 3215 1925 3270 errores
1958 3190 2303 3269 infinitos
2328 3191 2823 3298 perverlione,
2850 3216 3033 3298 pro-

461 3311 856 3399 venerint3
911 3299 1242 3389 Proinde
1281 3305 1334 3384 ὲ.
1361 3304 1718 3384 Concilio
1760 3299 2198 3398 universali,
2244 3329 2339 3384 ex
2378 3301 2733 3386 omnibus
2774 3305 3031 3386 Eccle-

460 3421 716 3502 fiarum
743 3420 1092 3504 membris
1133 3413 1458 3523 legitime
1483 3469 1511 3548 3
1569 3445 1657 3498 ac
1709 3415 1794 3500 in
1829 3419 2101 3498 timore
2130 3419 2435 3517 Jehovae
2462 3469 2487 3515 ,
2540 3416 2671 3523 qui
2698 3415 2899 3498 solus
2924 3421 3033 3500 est

460 3535 611 3631 via,
651 3537 916 3645 veritas
943 3536 1022 3616 &
1049 3535 1198 3614 vita
1223 3585 1248 3628 ‚
1291 3543 1456 3612 n'on
1483 3533 1564 3612 in
1592 3533 1847 3640 spiritu
1874 3526 2139 3612 mundi
2166 3585 2191 3628 ‚
2234 3553 2747 3636 congregate,
2784 3555 3030 3612 reme-
3152 3551 3157 3560 ’

463 3649 579 3732 dia
619 3653 807 3732 tami
826 3649 1139 3733 exitialis
1164 3645 1338 3729 mali
1367 3647 1921 3818 expectantibus
1944 3701 1973 3746 ,
2026 3669 2392 3752 votaque
2391 3644 2519 3728 sua
2534 3643 2845 3754 scriptis
2881 3643 3029 3724 stus

2882 3782 3029 3896 ΡΟ·
3080 3773 3087 3786 ’
3124 3771 3135 3784 ’

2540 3877 2601 3931 ο
