3475 4234
240 164 251 175 '
392 190 401 197 ·
534 216 697 298 140
1026 234 1033 241 -
1162 193 1888 279 SCRIPTORES
1955 182 2420 278 PoLoNl

522 382 832 480 meruit,
858 376 1327 485 negligenter
1352 379 1621 485 omifir.
1743 378 2069 459 Andteae
2111 380 2420 488 Lipskio
2453 383 3082 471 Observationum

515 494 707 594 Juris
737 494 919 575 duas
944 493 1339 577 Centurias
1365 493 1764 573 oscitanter
1793 492 2092 589 tribuit,
2119 519 2292 573 cum
2323 517 2617 599 tantum
2651 524 2878 580 unam
2903 525 3079 585 cum
3251 584 3267 597 ,

516 601 825 688 dimidia
859 604 1197 687 ediderit.
1310 607 1632 685 Felicem
1686 606 2154 687 Herburtum
2179 660 2206 703 ,
2260 628 2592 689 veterem
2637 607 3080 717 scriptorem

513 720 963 799 Polonicum
1012 718 1585 802 Kadlubkonem
1641 719 1949 825 pulvere
1997 742 2295 799 erutum
2324 772 2351 817 ‚
2403 722 2608 801 notis
2663 724 2742 803 δι
2775 723 3074 825 senten·

516 832 636 911 tiis
673 832 1093 935 graviffimis
1124 830 1497 917 exornasse
1510 884 1535 927 2
1572 832 1794 911 nimis
1819 827 2252 935 ignoranter
2267 832 2546 913 refert:
2605 838 2808 919 Cum
2835 837 3078 946 ipsum

510 946 978 1025 Herburtum
1035 945 1118 1022 in
1172 943 1610 1050 praefatione
1656 945 1752 1023 ad
1797 942 2194 1025 Lestorem
2221 1000 2248 1042 ,
2313 945 2412 1025 de
2451 946 3080 1033 Commentatore

511 1056 1018 1137 Kadlubkonis
1058 1054 1548 1162 profitentem
1572 1110 1599 1151 ‚
1660 1080 1838 1136 eum
1877 1058 2339 1161 Iagellonum
2377 1060 2672 1162 Regum
2725 1082 3078 1169 tempore

511 1168 761 1247 vixiffe
774 1220 799 1263 ,
827 1169 1071 1271 legere
1096 1166 1474 1250 debuisset.
1588 1170 1874 1267 Jacobo
1901 1169 2204 1249 Prilufio
2231 1166 2495 1275 inepte
2528 1172 2826 1272 objicit,
2863 1176 3077 1281 quod

514 1278 607 1359 ad
660 1279 1137 1359 evertendam
1194 1281 1740 1362 ecelesiasticam
1799 1278 2254 1385 disciplinam
2295 1296 2510 1358 natus
2536 1334 2563 1375 ‚
2629 1282 2707 1359 &
2761 1283 3078 1368 lenones

510 1394 915 1475 Saxonicos
942 1392 1109 1472 illos
1142 1393 1469 1474 imitatus
1502 1394 1589 1473 fit
1628 1424 1645 1469 ι
1702 1392 1906 1471 Cum
1937 1392 2180 1471 nullus
2207 1388 2543 1494 unqu'arn
2571 1392 3068 1491 Polonorum,

508 1504 677 1614 plus
732 1505 810 1587 δι
872 1506 1245 1585 cordatius
1279 1560 1308 1601 ‚
1387 1509 1533 1612 ‘pro
1584 1502 2046 1584 restauranda
2101 1500 2484 1609 disciplina
2545 1502 3016 1587 eccleliaffica
3043 1554 3073 1606 ,

506 1619 745 1727 ¹²²¹²¹¹¹
754 1622 2222 1830 {Zigeffl‘ssffifi'fffifissffjnssnntiiss'ss
2239 1614 2546 1809 fighfiffi
2593 1724 2952 1812 doetrinae
2991 1730 3072 1812 a

506 1840 803 1949 pietatis
866 1862 1056 1918 verae
1114 1843 1481 1919 strenuos-
1518 1838 2030 1917 restauratores
2072 1895 2098 1934 ,
2197 1840 2480 1943 ubique
2557 1842 3072 1923 convitiorum

507 1974 809 2031 veneno
851 1948 1157 2055 aspersit.
1242 1950 1388 2029 Sed
1429 1950 1599 2054 quia
1645 1948 2026 2052 religionis
2076 1951 2229 2049 ejus
2271 1940 2536 2030 affec-lis
2567 1950 2878 2033 solenne
2917 1956 3072 2035 hoc

507 2084 897 2171 peccatum
938 2062 1045 2141 est
1070 2116 1097 2159 ‚
1140 2064 1223 2143 in
1262 2060 1660 2143 tremendo
1696 2062 1978 2167 judicio
2013 2064 2163 2143 Dei
2191 2058 2592 2145 eluendum
2619 2119 2644 2162 ,
2707 2064 3066 2172 patientia

507 2178 585 2256 δι
620 2197 1065 2280 contemptu
1112 2176 1275 2257 talia
1315 2173 1629 2255 transeo·
1738 2176 1964 2255 Enim
2004 2198 2192 2255 vero
2225 2176 2394 2281 quis
2429 2229 2454 2269 ‚
2505 2178 2730 2257 etiam
2769 2204 2866 2259 ex
2893 2178 3066 2286 ipsis

508 2288 1075 2369 catholicorum
1128 2286 1369 2367 doctis
1434 2287 1511 2365 δι
1561 2286 1820 2393 probis
1875 2288 2048 2367 viris
2083 2340 2110 2381 ‚
2171 2288 2646 2367 mendacium
2700 2290 3067 2369 Authoris

508 2426 672 2481 non
700 2398 1043 2503 agnoscat
1070 2400 1511 2506 &increpet
1544 2406 1577 2477 ?
1638 2400 1876 2505 Qod
1903 2399 2315 2480 Lutherum
2352 2452 2378 2494 ,
2439 2402 2806 2477 Bucerum
2833 2452 2858 2495 ,
2901 2406 3066 2483 Me-

505 2514 1039 2594 lanchthonem
1063 2567 1092 2609 ,
1134 2513 1212 2593 &
1246 2512 1425 2592 alios
1465 2510 1850 2599 notiffimae
1879 2513 2054 2593 orbi
2099 2511 2542 2591 eruditionis
2589 2512 2792 2591 viros
2825 2566 2856 2609 ,
2889 2538 3070 2593 cum

510 2628 637 2733 qui
645 2629 781 2706 bus
828 2624 931 2703 illi
968 2626 1059 2705 in
1103 2626 1466 2730 Catalogo
1495 2622 1956 2730 ¹Scriptorum
1985 2625 2452 2705 Polonorum
2475 2676 2502 2720 ,
2539 2624 2736 2705 nulla
2759 2648 2876 2704 res
2889 2680 2915 2722 ,
2941 2648 3070 2706 aut

500 2762 775 2819 ‘eorum
826 2738 1231 2817 meminiss‘e
1302 2736 1754 2817 rationabilis
1803 2736 2008 2817 eausa
2045 2736 2228 2833 fuit,
2253 2758 2605 2839 tanquam
2631 2734 2962 2841 perfidos
2989 2736 3070 2818 δι

510 2850 847 2957 perditos
888 2850 1237 2927 homines
1262 2902 1287 2942 ‚
1342 2848 1555 2925 nullo
1608 2847 1984 2928 literarum
2023 2846 2356 2951 praefidio
2388 2899 2414 2940 ,
2455 2872 2732 2924 novam
2773 2846 2982 2944 (imo
3011 2850 3064 2929 fi

508 2959 839 3068 sapujffet
873 3008 899 3054 ,
960 2958 1521 3061 antiquiffimam
1570 2956 1918 3059 dixiflet)
1967 2956 2362 3058 'religionis
2405 2954 2670 3036 faciem
2707 2958 3067 3041 inducere

510 3092 823 3155 conatos
846 3124 871 3165 ‚
916 3072 1012 3151 ab
1055 3067 1367 3151 Andreii
1414 3070 1730 3150 Patricio
1785 3068 2036 3171 (Viro
2075 3064 2266 3147 ultra
2303 3068 2637 3149 Poloniae
2677 3070 2866 3150 fines
2931 3072 3065 3153 illo

508 3186 761 3267 seculo
807 3183 993 3263 nulli
1030 3207 1225 3264 noto
1251 3238 1277 3280 ,
1330 3188 1417 3264 in
1442 3180 1715 3286 angulo
1763 3180 2102 3260 Livoniae
2158 3174 2502 3278 latente>
2549 3180 2924 3291 depressos
2966 3184 3068 3269 ’δι

508 3298 793 3402 scriptis
848 3294 1211 3403 jugulatos
1250 3348 1277 3392 ,
1344 3296 1515 3375 zelo
1576 3290 2068 3399 insipienti&
2113 3318 2332 3373 coeco
2383 3294 2640 3396 innare
2693 3296 2902 3379 ausus
2957 3297 3068 3381 fit.

510 3408 891 3490 Convitiis
914 3408 1057 3491 suis
1076 3406 1512 3515 procacibus
1541 3405 1767 3510 igitur
1791 3404 2138 3487 lutulenti
2163 3405 2440 3487 subulci
2464 3458 2491 3501 ‚
2541 3405 2834 3489 nefariis
2873 3408 3064 3514 dog·

510 3522 827 3603 matibus
865 3520 941 3601 δι
982 3522 1471 3629 opinionibus
1517 3518 1788 3598 imbuti
1825 3518 2127 3598 titulum
2155 3572 2180 3615 ,
2235 3516 2392 3623 ipse
2445 3517 2698 3613 iustius
2747 3523 3062 3617 meruit,

514 3632 759 3743 quim-
779 3656 994 3719 tanto
1036 3636 1311 3745 talique
1356 3634 1523 3721 viro
1537 3682 1565 3733 ‚
1592 3656 1731 3747 per
1769 3652 2010 3743 quem·
2024 3635 2232 3719 Deus
2267 3634 2368 3717 0.
2393 3632 2502 3717 M.
2527 3634 2878 3721 mirabilia
2907 3633 3066 3762 suf,

510 3771 522 3781 .
856 3772 861 3777 .
1672 3764 1691 3804 ·,
1787 3792 1826 3803 ..
2979 3770 3070 3833 m
