3475 4234
506 208 615 291 28
1045 263 1053 275 .
1121 189 1845 280 SCRIPTORES
1918 188 2385 270 POLONI
2868 312 3057 338 .........

513 311 2855 349 W

500 383 666 462 vius
696 435 722 478 ‚
789 380 878 459 ab
919 373 1362 459 Eruditione
1386 425 1412 471 ‚
1473 370 1754 452 Pietate
1784 423 1811 466 ‚
1872 368 2328 472 Concordiae
2386 366 2463 446 &
2514 369 3061 450 Moderationis

501 495 768 576 studio
801 543 829 589 ‚
874 490 1346 596 summopere
1389 484 1716 566 laudatus
1755 515 1776 572 3
1836 481 1915 562 &
1934 491 1939 498 ’
1958 483 2043 561 in
2082 480 2587 560 additionibus
2634 483 2728 560 ad
2778 483 3059 562 Biblio-

497 610 794 690 thecam
831 606 1018 685 Sixti
1063 599 1396 683 Senensis
1437 600 1603 678 Lib.
1641 597 1783 676 IV.
1834 596 1929 676 ad
1964 595 2127 675 Lit.'
2144 598 2244 676 A.
2296 592 2393 674 de
2451 593 2615 698 ipso
2655 594 3011 701 scriptum
3032 646 3059 694 ‚

495 721 712 828 quod
745 719 1013 798 vixerit
1056 715 1134 796 ἃ,
1171 735 1511 795 mortuus
1554 709 1640 790 fit
1679 705 2069 790 catholice.
2176 701 2517 788 Proinde
2542 707 2595 786 fi
2632 708 2763 813 qui
2786 712 3059 790 Roma·-

495 861 653 914 no-
669 831 1046 913 Catholici
1091 829 1160 906 ei
1191 821 1638 904 ⁸succensent
1662 877 1688 919 ,
1736 822 1811 901 se
1853 821 2075 901 solani
2108 821 2523 902 libertatem
2562 821 2889 902 veritatis
2911 875 2939 917 ‚
2984 820 3063 902 δε

493 947 819 1028 censurae
879 943 1233 1022 vitiorum
1289 961 1779 1041 errorumque
1830 935 2163 1015 suorum·
2186 935 2273 1014 in
2329 933 2733 1016 Modrevio
2776 933 3005 1014 odisti.-
3032 988 3059 1030 ,
3146 1007 3154 1014 .

492 1060 856 1165 produnt.
961 1057 1239 1156 Neque
1280 1051 1574 1128 obstant
1597 1103 1624 1146 ‚
1693 1074 1855 1154 quo
1894 1049 2144 1128 minus
2186 1048 2387 1128 inter
2428 1048 2645 1128 testes
2686 1047 3007 1128 veritatis
3033 1096 3061 1143 ,

492 1169 537 1250 ὲ
573 1170 860 1274 gremio
889 1167 1246 1246 Romanae
1279 1160 1667 1259 Ecclefiae3
1708 1162 1979 1262 justum
2018 1161 2275 1242 locum
2304 1161 2390 1242 in
2416 1151 2911 1244 Confeffione
2939 1159 3061 1242 illa

493 1279 886 1364 Catholici
911 1279 1168 1382 Magni
1195 1275 1568 1356 Gerhardi
1590 1297 1863 1356 teneat.

712 1431 1118 1517 Enimvero
1155 1433 1263 1510 vis
1291 1419 1676 1535 ingenii&
1713 1431 1981 1534 ingens
2008 1427 2379 1530 facundia,
2406 1453 2629 1538 quam
2654 1430 3057 1526 Modrevio

493 1543 771 1632 eodem
811 1545 992 1630 loco
1039 1543 1563 1636 Starovolscius
1605 1543 1841 1623 asierit
1865 1599 1905 1640 ‚.
1966 1567 2168 1625 tanta
2239 1545 2316 1626 δε
2372 1571 2525 1626 tam
2581 1568 2735 1626 rara
2781 1549 3057 1628 seculis

491 1659 630 1744 illis
657 1659 1116 1766 sequioribus
1143 1657 1290 1736 fuit
1321 1711 1346 1753 ‚
1390 1657 1467 1736 &
1500 1655 1744 1736 adhuc
1780 1657 1887 1736 est
1911 1713 1938 1754 ,
1976 1677 2064 1738 ut
2098 1679 2263 1738 non
2288 1679 2602 1766 propter
2622 1663 3059 1744 Verborum

491 1774 933 1880 exquisitum
973 1767 1436 1852 lenocinium
1465 1825 1490 1867 ‚
1549 1794 1637 1850 ac
1685 1767 2185 1852 multiformes
2230 1771 2493 1852 Sensus
2522 1829 2547 1870 ‚
2604 1797 2730 1854 aut
2770 1775 3056 1880 proflu-

493 1911 706 1969 entes
743 1884 1129 1966 Orationis
1159 1884 1384 1987 magis
1411 1885 1735 1990 impetus
1779 1909 2003 1990 quam
2038 1885 2435 1992 sententias
2470 1909 2675 1968 veras
2707 1942 2732 1983 ,
2784 1887 3055 1992 quibus

491 1995 830 2110 plerique
893 1996 1306 2102 Scriptores
1363 2020 1628 2078 vanam
1689 1997 1988 2076 laudem
2044 1997 2240 2077 suam
2288 1999 2695 2089 seeiantum
2752 2000 2899 2080 Sed
2948 2002 3055 2080 ob

490 2111 686 2194 illam
725 2113 850 2190 vix
889 2109 1322 2190 imitabilem
1365 2109 1795 2194 firmitatem
1824 2166 1849 2207 ,
1900 2107 2051 2216 qua
2106 2111 2367 2192 Sermo
2418 2115 2573 2216 ejus
2633 2107 3057 2218 grayiffimis

489 2228 708 2307 rebus
753 2245 885 2330 par
914 2279 942 2320 ‚
1006 2222 1298 2327 aequalis
1345 2221 1424 2303 &
1463 2221 1755 2332 semper
1788 2223 1917 2304 fibi
1964 2223 2209 2302 fimilis
2240 2280 2265 2320 ,
2320 2224 2591 2330 gress‘us
2635 2225 2805 2306 suos
2852 2225 3055 2324 iustis

489 2335 825 2420 Periodis
877 2336 958 2416 δι
1007 2335 1407 2416 Sententiis
1437 2391 1462 2432 ,
1527 2333 1827 2416 fortiter
1878 2335 2353 2442 prosequitur
2376 2390 2401 2431 ,
2438 2337 2512 2414 &
2540 2337 2839 2417 Lestori
2898 2337 3053 2415 vim

491 2455 1139 2556 Argumentorum
1174 2449 1536 2556 imprimit
1565 2505 1590 2546 ,
1641 2449 1767 2530 hic
1798 2447 2103 2530 Author
2136 2451 2355 2528 etiam
2398 2451 2488 2530 ab
2518 2447 2811 2528 infenso
2840 2451 3057 2529 hoste

487 2555 940 2645 laudandus..
1031 2562 1144 2642 Ut
1171 2565 1412 2644 caeteri
1443 2560 1799 2643 clarissimi
1824 2565 2182 2644 Oratores
2203 2563 2590 2651 'Poloniae3
2651 2563 3057 2644 Varsevicii

491 2674 697 2758 cert'e
726 2700 900 2780 vaga
933 2675 1009 2754 &
1035 2673 1222 2753 male
1261 2673 1598 2781 dispofita
1623 2676 1893 2759 Oratio
1906 2732 1932 2772 ‚
1957 2676 2541 2782 verborumque
2566 2677 3058 2781 Inaequalita83

485 2785 646 2870 imb
685 2813 830 2868 nec
872 2787 1270 2867 Orichovii
1303 2791 1602 2867 acerbus
1632 2789 1859 2890 stylus
1900 2842 1925 2884 ‚
1966 2787 2042 2865 δι
2086 2789 2359 2888 majora
2399 2791 2617 2868 rebus
2656 2787 3011 2868 vocabula
3026 2845 3053 2884 ,
3176 2850 3185 2858 .

477 2899 928 3009 'praeferendi
962 2931 1012 2988 ;··
1039 2921 1303 2979 omnes
1347 2896 1674 3002 denique
1703 2894 2187 3004 posteriore8‚
2221 2901 2305 2977 in
2332 2891 2661 3004 eo'gravi
2696 2901 2772 2979 &
2796 2899 3057 2980 severo

491 3041 764 3120 genere
807 3009 1248 3118 scriptionis
1273 3069 1295 3108 ‚
1342 3011 1747 3092 Modrevio
1788 3037 1931 3091 nec
1978 3013 2456 3118 comparandi
2496 3011 2658 3092 fint.
2766 3017 3055 3124 Qem-

489 3125 899 3216 admodum
925 3123 1448 3206 Lubieniecius
1479 3123 1689 3205 illum
1719 3151 1884 3205 non
1912 3123 2106 3204 vane
2120 3180 2146 3222 ,
2186 3127 2415 3205 Virum
2442 3117 2861 3238 undequaque
2882 3149 3053 3240 με.

465 3231 930 3348 flaennffimum
963 3237 1374 3345 appellavit,
1403 3241 1544 3348 qui,
1580 3263 1726 3317 cum
1748 3259 1879 3350 per
1905 3230 2338 3336 eruditionem
2387 3232 2480 3320 ad
2498 3263 2759 3350 magnos
2781 3231 3050 3322 honores

477 3353 850 3469 pervenire
875 3353 1184 3462 potuerit
1221 3399 1248 3434 .
1305 3341 1608 3432 mediocri
1635 3344 1919 3460 fortuna
1953 3397 1982 3433 ι
2046 3375 2193 3433 cum
2250 3353 2577 3432 veritatis
2636 3355 2993 3464 cognitione
3016 3397 3049 3444 ‚

489 3467 746 3576 magnis
773 3455 966 3571 huju
998 3466 1212 3544 seculi
1252 3465 1433 3548 Viris
1473 3455 1629 3546 adea
1667 3461 1907 3580 inulte
1936 3511 1963 3553 ι
2012 3483 2348 3549 contentu
2374 3462 2671 3550 vixerit.
2784 3467 2951 3550 Lib.
2984 3469 3059 3546 1.-

483 3577 680 3690 ffisp
708 3577 873 3662 Ref·
903 3579 1062 3661 1²01·
1090 3573 1271 3692 cap.
1313 3603 1376 3686 ς·
2633 3591 2643 3600 ’
2882 3646 2892 3652 .

1546 3765 1700 3893 .”
1979 3826 1986 3833 ·
2116 3744 2123 3750 ’
2566 3805 2602 3814 ··
2876 3767 3049 3853 No-
