3475 4234
524 206 691 315 356
1054 193 1782 296 SCRIPTORES
1842 193 2526 278 PRUTENICI

514 379 753 490 Satyra
782 363 1253 503 Phslqs'phsca
1260 370 1435 484 sve
1462 365 1880 482 Mifiellaeneae
1907 363 2177 486 Physica
2205 363 2302 466 (5
2343 365 2662 488 Metaphy
2645 369 2838 479 fica,
2875 382 3096 483 Regi·-

516 486 819 570 omonti
845 489 1085 568 Anno
1120 513 1153 569 1
1176 509 1219 591 5
1232 489 1369 592 63.
1422 485 1782 592 impreflir.
1889 489 2196 598 Qibus
2225 488 2548 614 Apologia
2588 511 2728 596 qm
2771 494 3094 590 acceffit,

514 603 599 686 in
648 627 797 708 qua
840 626 935 680 ex
977 600 1205 680 literis
1252 597 1596 695 Caesaris,
1636 601 1968 728 Regum,
2013 598 2506 706 Principum,
2559 599 2640 682 &
2692 602 3096 688 doctorum

516 717 851 798 virorum
898 713 1335 794 testimoniis
1347 765 1375 810 ,
1416 735 1583 792 tum
1634 715 1806 796 vitae
1845 715 1990 798 suat
2017 717 2106 794 ab
2132 713 2602 794 incunabulis
2635 718 3094 815 narratione,

522 831 871 910 evincere
916 828 1225 930 voluit,
1282 851 1519 930 genus
1572 824 1784 909 suum
1864 857 1906 910 a
1933 827 2311 933 Scaligeris
2359 828 2500 922 illis
2539 826 2893 927 famofis,
2955 859 3096 938 pet

518 941 992 1024 matrimonia
1016 881 1341 1047 Regibus
1380 937 1459 1022 δε
1482 939 1954 1054 Principibus
1989 943 2326 1053 pluribus
2351 943 2674 1050 Europae
2719 945 3108 1137 cognatis,

516 1055 992 1176 descendere.
1139 1096 1146 1103 ·

760 1281 1114 1389 Namque
1158 1309 1253 1364 ex
1302 1283 1603 1366 historia
1643 1281 2040 1368 Prutenica
2077 1285 2274 1366 illius
2327 1287 2692 1396 temporis
2747 1289 3092 1380 constat,
3123 1323 3132 1330 ·

522 1399 925 1480 Albertum
960 1401 1255 1490 Ducem
1290 1403 1347 1478 Ι.
1378 1400 1605 1480 aetatis
1630 1401 2179 1494 imbecillitate,
2219 1400 2309 1480 ab
2341 1399 2497 1480 hoc
2521 1395 2894 1506 praecipue
2931 1403 3094 1478 Sca-

515 1503 789 1607 lichio,
820 1511 1135 1590 homine
1166 1512 1433 1593 Italicis
1469 1515 1746 1596 artibus
1769 1513 2107 1609 imbute,
2136 1453 2581 1620 deceptum,
2613 1513 2894 1592 ultimis
2922 1510 3097 1594 vita:

516 1625 658 1706 suae
710 1624 959 1721 anniS,
1002 1625 1289 1706 multa
1264 1629 1521 1728 miqua
1556 1627 1635 1706 δε
1680 1625 2090 1729 Privilegiis
2125 1625 2646 1729 indigenarum
2688 1625 3096 1719 contraria,

516 1738 791 1840 juffisse.
933 1737 1158 1819 Adeo
1216 1763 1303 1819 ut
1346 1739 1435 1818 ad
1476 1735 1810 1841 querelas
1871 1731 2255 1844 Otdiuum
2300 1739 2590 1818 Pruffiae
2637 1737 3042 1820 orientalis
3065 1791 3098 1834 ,
3133 1747 3150 1760 '

516 1851 1009 1932 Commissarii
1037 1851 1257 1954 Regis
1284 1851 1619 1932 Poloniae
1647 1855 1888 1938 Anno
1929 1877 1963 1932 1
1985 1875 2027 1956 5
2052 1857 2102 1936 6
2116 1855 2188 1934 6.
2221 1874 2310 1932 ut
2340 1873 2592 1938 motus
2619 1852 2870 1932 civiles
2895 1850 3098 1932 inter

515 1967 814 2046 Ducem
840 1963 921 2043 δι’
952 1962 1283 2044 Ordines
1312 1962 1686 2064 sedarent,
1715 1968 1952 2048 tribus
1977 1965 2314 2048 Scalichii
2343 1964 2612 2046 saeclis
2627 2018 2654 2060 ,
2707 1963 3092 2060 Funccio,

526 2077 842 2162 Horstio·
876 2077 953 2158 ἃ
988 2076 1269 2158 Snellio
1281 2133 1310 2175 ,
1342 2078 1671 2168 criminis
1695 2073 1939 2162 Statfis
1986 2077 2268 2185 publici
2311 2079 2588 2160 turbati
2629 2078 2775 2158 reis
2787 2131 2814 2173 ‚
2853 2075 3096 2183 capim

515 2189 914 2295 amputari,
949 2190 1025 2270 &
1064 2193 1318 2274 omnia
1354 2193 1531 2274 vitia
1568 2193 1950 2299 regiminis
1979 2195 2064 2270 in
2088 2191 2468 2297 pristinam
2509 2191 2838 2272 orbitam
2875 2190 3097 2270 redu-

513 2321 809 2400 centeS,
844 2305 1183 2386 mandata
1216 2306 1413 2410 regia
1446 2309 1715 2410 exequi
1745 2326 2126 2392 curat-enm
2155 2303 2596 2384 Scalichium
2631 2299 2816 2384 vero
2843 2301 3098 2382 abfen

513 2440 669 2499 tem
704 2419 1011 2522 publico
1060 2419 1465 2524 diplomate
1496 2421 1733 2523 Regio
1772 2416 2342 2526 proscriberent.
2451 2415 2584 2494 Ille
2613 2417 2838 2496 enim
2867 2415 3096 2521 paulo

516 2555 755 2624 ante,
805 2533 976 2635 post
1022 2547 1145 2610 tot
1188 2533 1388 2610 inter
1430 2535 1725 2612 Ducem
1752 2533 1829 2611 ἃ
1867 2530 2200 2611 Ordines
2229 2526 2516 2608 Prussiae
2555 2530 2904 2608 excitatas
2951 2523 3095 2606 dif-

514 2643 855 2738 cordias,
910 2665 1133 2746 atque
1172 2643 1511 2750 apologia
1554 2643 1679 2729 sua
1718 2643 2126 2727 Nobilibus
2167 2643 2525 2723 Prutenis
2553 2641 2752 2747 apud
2805 2643 3126 2750 Regem,

518 2765 561 2850 (
577 2751 725 2860 qua
767 2781 999 2859 genus
1032 2755 1244 2836 suum
1270 2757 1350 2836 &
1372 2755 1667 2838 causam
1692 2753 2026 2864 probass'e‘
2051 2754 2182 2849 fibi
2208 2739 2454 2854 visus)
2481 2751 2752 2850 felicia,
2769 2755 3094 2836 obtentu

516 2861 950 2972 legationis
930 2895 1010 2946 ιιι
1026 2869 1376 2965 Galliam,
1409 2895 1760 2984 tanquam
1799 2869 2246 2974 filiamRegi‘s
2259 2867 2508 2947 Duci
2489 2868 2766 2968 juveni,
2769 2865 3092 2948 Alberto

514 2985 575 3062 F
572 2981 949 3077 riderico
992 3005 1464 3088 procaturus,
1492 2977 1886 3066 secefl'erat.

736 3210 894 3296 Hic
952 3209 1350 3292 Scalichius
1438 3212 1752 3316 tandem
1813 3209 1900 3288 in
1953 3205 2301 3292 Prufliam
2363 3209 2656 3305 redux,
2698 3209 3090 3296 Romano-

514 3323 980 3404 Catholicis
957 3319 1231 3403 iterum
1255 3313 1816 3420 reconciliatus,
1845 3319 2184 3431 aquibus
2213 3325 2396 3404 olim
2425 3321 2814 3420 secefferat,
2833 3323 3090 3405 Geda-

516 3439 599 3517 ni
624 3439 859 3516 Anno
899 3464 933 3517 1
956 3459 1144 3542 577.
1190 3441 1360 3518 exul
1405 3461 1784 3536 mortuus,
1833 3438 1910 3519 δι
1940 3437 2140 3544 apud
2173 3437 2724 3518 Dominicanos
2759 3425 3128 3542 sepultus·

516 3553 641 3633 est.
766 3549 927 3662 Vid
970 3553 1441 3663 Hartknoch.
1482 3555 1675 3638 Hist.
1713 3552 1986 3638 Eccles.
2035 3555 2126 3634 L.
2173 3575 2248 3634 2.
2285 3553 2384 3634 C·
2409 3575 2490 3656 4.
2540 3551 2702 3656 §.1
2721 3579 2804 3642 ο.
2819 3549 3088 3745 Veri}-

630 3743 643 3751 ,
1670 3741 1681 3752 .
2923 3690 3086 3772 pe·-
