3475 4234
518 138 699 251 v12'2·
892 248 905 269 ,
1170 168 2410 253 scR1PT0REsP0LoN1

508 352 871 460 oppidani
900 352 1236 457 plerique
1272 377 1701 434 exterorum
1736 376 2032 435 tantum
2059 355 2432 436 institores
2471 356 2550 438 &
2589 362 3076 463 negotiorum

506 470 831 571 gestores
872 465 1071 561 sint,
1124 490 1513 570 argentum
1552 467 1627 545 ὅ(
1664 492 1925 547 aurum
1965 464 2010 545 ὃ
2045 470 2318 573 Regno
2349 472 2741 551 acervatim
2769 474 3014 553 evehi.

750 580 983 657 Unde
1030 580 1165 681 (2)
1209 579 1603 659 secundam
1638 580 1920 659 causam
1961 582 2409 662 damnorum
2453 586 2768 689 publicae
2807 586 2886 665 &
2915 587 3070 691 pri-

504 714 687 772 vatae
715 693 823 769 rei
850 693 1261 771 Civitatum
1292 694 1812 771 Polonicarum
1841 694 2190 772 deducit:
2253 697 2766 775 Tolerantiam
2793 694 3070 807 nempe

500 810 561 885 F
562 806 894 885 aelorum
956 804 1100 883 five
1160 808 1594 885 Institorum
1652 808 2181 903 exoticorum‚
2253 834 2448 913 quos
2505 811 2815 939 Ligeros
2873 836 3070 890 voce
3203 860 3221 873 -

504 916 953 999 Germanica
988 920 1376 1023 appellant.
1448 920 1557 1001 Hi
1600 922 1808 1001 enim
1839 918 2088 1000 multis
2129 924 2404 1001 artibus
2447 922 2758 1001 nomina
2793 924 3071 1005 civium

502 1032 1027 1126 emendicant,
1060 1034 1137 1111 δι
1164 1032 1295 1111 sub
1328 1033 1845 1137 indigenarum
1873 1034 2095 1112 titulo
2125 1036 2400 1113 telonia
2449 1036 2742 1142 publica
2773 1036 3067 1116 defi-au-

502 1144 734 1238 dant,
776 1144 1204 1249 oppidaque
1246 1146 1335 1225 ad
1377 1148 1934 1225 mendicitatem
1975 1146 2344 1249 redigunt,
2457 1150 2662 1227 Cum
2687 1172 2939 1227 tamen
2973 1174 3069 1228 ex

500 1256 663 1360 lege
692 1258 1140 1361 Sigismundi
1170 1262 1229 1338 Ι.
1258 1263 1493 1339 Αιιιιο
1522 1284 1774 1386 1540.
1801 1254 1944 1337 lata
1971 1258 2171 1357 (vid.
2197 1260 2620 1338 Herburtus
2661 1260 2796 1336 fol.
2825 1266 3068 1361 278.)

500 1394 946 1450 mercatores
986 1372 1355 1477 indigenae
1390 1372 1756 1479 corporali
1796 1373 2210 1471 juramento
2253 1371 2598 1449 evincere
2625 1392 3065 1463 teneantur,

497 1482 573 1563 se
600 1482 865 1581 aliena,
903 1510 1067 1563 non
1100 1486 1218 1564 sua
1254 1484 1557 1590 propria
1596 1483 2113 1577 mercimonia,
2155 1506 2292 1587 per
2343 1482 2764 1589 provincias
2819 1484 3086 1613 Regni.

497 1598 771 1675 vehere
824 1598 901 1675 &
954 1598 1344 1675 distrahere
1368 1650 1393 1690 ‚
1448 1616 1573 1677 aut
1622 1616 1828 1673 extra
1883 1599 2226 1699 Regnum
2273 1620 2426 1702 per
2459 1598 2735 1700 aurigas
2791 1596 3066 1677 exteris

378 1720 391 1801 ᾗ
500 1710 817 1786 mittere.

730 1820 903 1897 XV.
964 1819 1485 1897 SALOMON
1538 1818 2188 1901 NEUGEBAUR
2249 1819 2290 1899 a
2345 1822 2810 1901 CADANO
2834 1874 2862 1916 2
2889 1822 3057 1925 (qui

496 1933 919 2013 Graudenti
958 1934 1041 2009 in
1080 1931 1373 2036 oppido
1406 1930 1689 2008 Pruffiae
1720 1954 1933 2011 natus
1960 1932 2104 2011 fuit
2136 1988 2162 2027 ,
2203 1932 2610 2013 secundum
2643 1936 3058 2014 Treterum

494 2046 579 2126 in
627 2047 815 2125 Hist.
850 2044 1083 2150 Episc.
1124 2041 1662 2124 Varmienfium
1717 2068 1884 2147 pag.
1919 2048 2097 2147 49.)
2157 2042 2508 2149 Hstoriam
2559 2043 2779 2125 rerum
2807 2048 3061 2127 Polou?-

414 2236 421 2243 .
494 2184 781 2237 carum
756 2180 1021 2267 mque
1060 2164 1149 2235 aa
1176 2162 1435 2235 Annum
1468 2168 1620 2259 158
1638 2162 1709 2237 6.
1751 2158 2044 2245 obitum
2087 2184 2362 2263 nempe
2393 2160 2748 2266 Stephani
2775 2160 2998 2263 Regis
3030 2214 3060 2257 ,

497 2270 883 2351 deduetam
912 2322 936 2365 ,
974 2270 1339 2350 Hanoviae
1370 2272 1606 2348 Anno
1635 2296 1663 2347 ι
1682 2274 1735 2349 6
1756 2292 1788 2347 1
1807 2280 1878 2362 8.
1905 2270 2106 2373 typis
2135 2272 2392 2349 edidit.

726 2387 879 2464 Hic
902 2382 1141 2463 liber
1121 2412 1159 2462 a
1186 2382 1423 2461 dostis
1462 2382 1636 2460 viris
1669 2382 1810 2459 isto
1837 2402 2182 2485 ternpore
2207 2382 2500 2460 laudem
2530 2380 2805 2477 retulit,
2823 2345 3048 2485 quam

493 2499 801 2579 Author
828 2522 991 2576 non
1016 2496 1335 2590 meruit,
1362 2494 1535 2573 sed
1514 2496 1782 2599 ignaris
1811 2492 2194 2598 subripuit.
2283 2498 2484 2574 Nam
2513 2496 2600 2572 ab
2633 2494 2794 2599 ipso
2829 2496 3052 2574 initio

490 2637 727 2717 usque
760 2612 848 2689 ad
878 2611 1101 2689 funus
1130 2608 1533 2715 Alexandri
1552 2608 1774 2713 Regis
1805 2610 2119 2686 Annum
2149 2606 2422 2687 scilicet
2465 2612 2667 2715 1506.
2695 2606 3072 2711 continua,

490 2724 669 2804 serie
702 2724 1004 2801 Martini
1034 2722 1383 2801 Cromeri
1414 2719 1714 2820 triginta
1742 2722 2010 2799 Libros
2041 2720 2385 2798 Historiae
2409 2721 2786 2799 Polonicae
2811 2746 3054 2823 usque

492 2830 679 2913 adeo
716 2832 1081 2937 exscripsit
1106 2834 1609 2922 verbotenus»,
1650 2852 1740 2907 ut
1767 2830 2022 2956 amplis
2049 2850 2340 2906 tantum
2369 2832 2718 2907 Cromeri
2747 2832 2842 2907 de
2869 2834 3049 2908 Ori·-

492 2948 783 3051 ginibus
814 2946 1278 3022 Polonorum
1312 2938 1788 3033 disaufibus‚
1841 2941 1970 3017 vix
2003 2940 2216 3018 bono
2257 2940 2718 3069 compendio
2749 2968 3050 3022 contra-
3105 2981 3114 2993 ·

374 3076 385 3085 “
492 3062 674 3153 etis,
724 3080 983 3136 caetera
1026 3056 1291 3135 iisdem
1347 3052 1588 3132 verbis
1639 2994 2091 3158 descripserit
2119 3106 2146 3148 ,
2199 3076 2366 3159 quae
2407 3053 2660 3141 omnia
2687 3106 2716 3150 ,
2775 3056 3074 3138 omiflis·

488 3170 868 3251 nonnullis
901 3164 1093 3249 bene
1127 3170 1217 3249 ad
1251 3192 1411 3247 rem
1438 3164 1982 3273 pertinentibus
2007 3164 2470 3273 paragraphis
2501 3168 2888 3267 Cromen,
2923 3170 3050 3251 sex

486 3284 685 3363 libris
715 3287 1145 3389 complexus
1172 3286 1299 3363 est.
3069 3373 3073 3381 ,

722 3397 1233 3477 Nihilominus
1275 3390 1752 3479 intolerabilis
1793 3394 1870 3473 &
1931 3392 2302 3473 evidentis
2353 3392 2574 3521 plagii
2617 3396 2788 3473 reus
2843 3392 2984 3473 esse
3013 3446 3040 3489 ,

490 3534 711 3614 quam
750 3512 1167 3606 Authoris,
1210 3536 1305 3589 ex
1349 3532 1507 3612 quo
1540 3506 1794 3585 omnia
1833 3494 2176 3599 corrant,
2223 3498 2694 3583 mentionem
2723 3504 3038 3585 honori-

487 3624 701 3729 ficam
761 3622 1056 3723 facere,
1119 3624 1559 3731 laudemque
1620 3622 1944 3703 conditae
1983 3616 2330 3703 Historia:
2383 3616 2630 3699 eidem
2674 3618 3038 3701 reservare

2875 3752 3033 3812 ma.
