3475 4234
471 302 522 311 -,
723 304 734 311 .
909 308 978 323 .,
1333 198 2050 323 INQJARTO.
2828 206 2991 311 '177

439 360 1089 483 vivente‘Regina‚
1123 375 1199 455 δι
1225 377 1561 457 fumante
1602 378 1847 458 adhuc
1890 380 2087 457 civili
2136 380 2391 473 busto,
2434 381 2651 483 quod
2702 378 2823 457 fax
2875 380 2995 459 illa

440 490 778 571 adversus
807 488 1358 597 Mareschallum
1389 492 1630 595 Regni
1663 492 2255 571 Lubomirscium
2268 546 2295 587 ‚
2326 466 2459 595 qixi
2505 518 2689 573 mox
2748 491 2995 571 secum

439 606 849 687 exercitum
882 628 968 683 ac
1009 602 1412 711 plerosque
1449 602 1891 683 Palatinams
1932 606 2191 697 traxit,
2234 605 2687 687 incenderat.
2794 608 2993 684 Nam

431 742 602 823 pag.
639 742 675 797 1
695 740 824 818 14.
851 740 1112 821 pacem
1149 716 1522 793 internam
1563 716 1838 795 Eatriae·
1867 740 2118 821 optat,
2168 742 2331 820 quae
2396 716 2709 797 demilm.
2750 720 2993 796 Anno

443 852 482 909 1
499 832 692 909 666.
755 828 1104 933 proxime
1163 848 1490 906 mortem
1567 827 1871 929 Reginae
1934 828 2299 932 contigit:
2359 854 2525 934 pag.
2560 833 2692 911 60.
2748 850 2993 907 autem

433 940 1106 1045 Archiepiscopum
1169 936 1682 1017 Gnesnensem
1711 992 1741 1032 ,
1790 941 2287 1019 Veneeslaum
2334 942 2839 1021 Lescinskium
2884 942 2993 1040 (is

431 1053 641 1130 enim
681 1052 778 1130 de
804 1076 986 1157 pace
1015 1074 1190 1127 cum
1212 1050 1590 1145 metiore,
1631 1050 1875 1129 adhuc
1906 1052 2313 1157 Episcopus
2348 1054 2797 1132 Varmienfis
2842 1051 2991 1132 uni

429 1188 606 1245 ‘mm
645 1160 1188 1243 Gonszevskio
1199 1216 1226 1256 ‚
1253 1161 1745 1241 Theliiurario
1774 1166 1883 1243 M.
1904 1166 1999 1240 D.
2024 1163 2173 1245 Lit.
2204 1166 2693 1270 Regiomonti
2735 1164 2993 1259 tracia-2

429 1281 682 1377 verat)
711 1300 918 1371 tunc,
949 1273 1253 1380 quando
1279 1273 1554 1380 scripfit
1564 1328 1592 1371 ,
1619 1296 2021 1363 memorat3
2052 1276 2185 1378 qui
2215 1280 2455 1359 Anno
2494 1304 2529 1357 1
2562 1283 2613 1364 6
2628 1282 2757 1363 66.
2785 1304 2991 1358 mor·

425 1411 606 1469 tuus
635 1390 787 1467 est..'
1677 1400 1682 1405 ’
1797 1400 1809 1411 ·

489 1522 496 1531 ’
673 1535 868 1663 Qia
897 1530 1381 1615 nihilominfis
1419 1538 1672 1617 omnia
1704 1562 1896 1633 ram,
1940 1536 2116 1617 licet
2143 1536 2389 1617 minus
2430 1533 2745 1643 pretiosa
2758 1589 2783 1631 ,
2822 1532 2991 1615 fimt

411 1648 686 1742 chara,
729 1648 858 1726 hic
895 1673 1204 1751 quoque
1246 1648 1534 1729 libellus
1576 1651 1891 1755 dignuin
1929 1650 2131 1729 inter
2178 1648 2591 1759 Scriptores
2654 1646 2989 1725 Polonos

421 1754 685 1869 ‘locum
717 1783 1070 1865 occupat,
1101 1760 1179 1837 &
1210 1761 1368 1855 his,
1399 1762 1532 1863 qui
1559 1761 1838 1841 curiosa
1864 1761 2089 1867 magis
2120 1787 2342 1868 quam
2367 1758 2573 1843 utilia
2620 1780 2990 1869 aucupan-

427 1896 588 1969 tur,
624 1874 872 1979 potest
898 1872 1038 1951 este
1075 1874 1358 1979 gratus‘,
1386 1870 1514 1951 sed
1550 1900 1815 1980 parum
1845 1876 2071 1959 utilis.
2504 1872 2516 1879 “

653 2021 890 2098 XLII.
961 2018 1452 2105 SAMUEL
1527 2020 1594 2097 Z
1671 2018 2305 2099 SKRZYPNY
2381 2018 2985 2109 TWARDO-

423 2131 544 2213 W
559 2133 776 2225 SKI,
826 2132 1238 2237 legationem
1267 2119 1716 2239 Chrssophori
1753 2129 1952 2205 Dacia
1999 2130 2069 2205 in
2101 2120 2401 2212 Zbaeru,
2442 2130 2479 2209 ἃ
2524 2134 2727 2235 Rege
2767 2130 2985 2234 Sigis-

419 2244 721 2335 ,mundo
771 2246 904 2321 ΙΙΙ.
947 2244 1117 2347 post
1161 2239 1456 2321 felicem
1521 2241 1614 2319 ad
1675 2240 2135 2323 Chocimum
2192 2239 2501 2323 Ofinani
2564 2245 2987 2325 Turcarum

421 2356 746 2453 saltam,
775 2356 1086 2445 immani
1120 2353 1450 2435 exercitu
1478 2354 1811 2433 Poloniae
1839 2353 2227 2433 interitum
2260 2352 2559 2447 minati,
2586 2354 2982 2459 repulsum,

427 2472 524 2551 ad
577 2469 1230 2551 confirmationem
1279 2494 1500 2561 novae
1553 2466 1890 2547 amicitiae
1954 2464 2403 2568 Byzantium
2444 2470 2683 2547 Anno
2736 2468 2837 2548 16
2854 2490 2894 2549 2
2918 2490 2985 2545 1.

423 2582 648 2675 miffi,
681 2583 924 2687 patrio
971 2580 1310 2687 ,carmine
1359 2579 1654 2677 cecinit.
1764 2578 2003 2686 Qod
2040 2578 2421 2656 Cracoviae
2444 2573 2732 2683 primi),
2778 2604 2982 2656 nunc

426 2694 674 2787 Vilnae
702 2694 900 2799 typis
930 2691 1314 2772 Societatis
1342 2690 1704 2793 Jesuitieae
1735 2690 2071 2779 recusum
2094 2694 2339 2771 Anno
2377 2694 2621 2794 1706.

649 2839 1290 2950 Qndoquidem
1315 2840 1622 2921 Author
1649 2862 1907 2917 comes
1960 2834 1999 2915 ss
2026 2836 2321 2919 secretis
2336 2833 2681 2942 Epistolis
2694 2835 2977 2937 Legato

423 2954 532 3036 illi
567 2952 749 3049 fuit,
775 2954 1126 3061 pleraque
1151 2952 1298 3033 visa
1326 2954 1408 3033 δι
1442 2950 1690 3031 audita
1717 2950 1867 3030 fide
1907 2948 2107 3029 bona
2138 2946 2979 3050 connotavit,quae1in-

421 3092 586 3170 gvae
613 3067 920 3144 Polonoe
951 3066 1192 3169 gnaris
1205 3120 1232 3160 ‚
1257 3065 1654 3170 praesertim
1681 3065 2107 3143 Tui-carum
2138 3088 2391 3140 mores
2420 3062 2495 3141 δι
2522 3060 2979 3139 ceremonias

425 3178 690 3256 amicas
719 3230 742 3270 ,
787 3176 1135 3254 militares
1173 3176 1250 3255 &
1303 3177 1778 3272 domesticas,
1831 3175 2139 3253 noscere
2186 3174 2695 3278 cupientibuS,
2738 3172 2978 3274 legere

423 3288 834 3391 jucundum
869 3320 902 3362 ε.
943 3290 1040 3366 Et·
1063 3289 1422 3397 quor-iiam
1444 3286 2236 3369 Tvardovskiadhuc.
2268 3287 2555 3385 juvenis
2588 3283 2721 3364 ‘hic
2754 3284 2977 3388 Spiri-

425 3426 545 3481 tus
575 3402 917 3505 poeticos
949 3396 1088 3479 alte
1119 3401 1416 3496 extulit,
1447 3403 1768 3505 artisque
1782 3402 2253 3506 Coryphaeos
2284 3398 2669 3501 antianS,
2701 3396 2975 3501 digres-

421 3514 606 3595 sioni
615 3515 748 3595 bus
761 3568 786 3609 ‚
811 3514 1170 3618 allegoriis
1197 3514 1274 3593 &
1301 3512 1684 3593 sententiis
1713 3539 1881 3592 non
1900 3513 2299 3591 infeliciter
2348 3511 2671 3591 imitatus
2684 3566 2709 3605 ,
2756 3512 2977 3589 etiam

417 3652 810 3713 emoenum
831 3630 966 3709 est.
1071 3626 1404 3711 Eandem
1429 3627 1626 3707 hanc
1659 3626 2153 3729 Legationem
2176 3624 2465 3709 Samuel
2496 3625 2920 3707 Kufizewicz
2947 3672 2973 3715 ,

416 3794 431 3801 -
523 3800 530 3805 ,
649 3778 658 3789 ·
1657 3739 1725 3823 Z
1992 3768 1999 3775 ·
2790 3758 2970 3839 pro-
