3475 4234
513 186 682 255 2:10
1047 158 1771 259 SCRIPTORES
1830 158 2507 247 PRUTENICI

503 386 512 427 ;
579 330 584 335 ’
755 343 1135 429 Caeterum
1207 350 1472 419 om'nes
1521 346 1636 421 hae
1687 318 1901 445 ‘leges
1958 342 2207 421 adhuc
2268 342 2369 443 de
2420 334 2855 417 adstric‘iiori
2908 334 3093 415 vitae

505 476 782 559 genere
811 452 1126 535 Ordinis
1161 453 1618 547 Teutonici,
1643 452 1720 531 δε
1758 452 2103 537 severiori
2148 448 2529 559 disciplina
2543 504 2569 545 ,
2616 450 2867 529 donec
2907 472 3094 529 cum

245 512 268 550 δ
389 568 400 577 ’
503 562 908 670 gentilibus
947 566 1278 647 hostibus
1331 566 1409 647 δι
1451 565 1762 671 penuria
1804 566 2349 647 confliciuemr
2360 620 2385 662 ‚
2413 566 2811 647 testanmrz
2858 584 3091 667 quam

506 701 760 769 tamen
788 678 1062 761 divitiis
1091 680 1280 761 audii
1329 678 1536 759 fimul
1587 704 1763 757 cum
1806 678 2054 785 regula
2098 677 2585 761 institutioffis
2596 731 2621 774 ,
2660 698 2895 784 prout
2958 692 3095 753 t‘ot

501 790 626 881 alii
675 790 978 873 ordines
1023 792 1299 889 laxare,
1342 792 1644 871 tandem
1685 791 1935 895 Regiis
1986 790 2145 873 fere
2206 793 2479 899 opibus
2543 790 2839 895 saginati
2854 842 2879 883 ‚
2938 786 3091 887 jam

458 971 462 973 .
505 903 786 987 ultimis
827 906 1070 985 Seculi
1104 908 1316 987 XIV.
1358 904 1566 983 annis
1589 959 1615 999 ‚
1661 902 1791 981 sub
1806 904 2140 997 Zolnero
2175 902 2671 986 &Kotenstein
2706 900 3087 993 mordere,

501 1014 642 1102 sub
675 1016 1042 1100 Conrado
1067 1014 1108 1095 ὃ
1134 1016 1626 1115 Wallenrode
1642 1072 1670 1113 ‚
1705 1017 1873 1096 viro
1914 1013 2469 1122 magnificentia
2502 1016 2583 1096 &
2606 1016 2791 1095 fastu
2828 1013 3023 1093 elato
3052 1065 3089 1108 ‚

334 1203 341 1209 .
507 1127 732 1236 plane
759 1126 1120 1234 aspernari
1155 1129 1238 1209 hi
1281 1130 1571 1235 equites
1614 1129 1795 1209 sacri
1836 1152 2281 1237 coeperuntz
2342 1131 2494 1209 Sub
2538 1128 2767 1213 Paulo
2808 1125 2851 1207 ὃ,
2890 1130 3089 1206 Rus-

505 1238 723 1327 dorff
741 1265 990 1327 autem
1017 1244 1318 1349 penitus
1356 1266 1628 1323 exuere
1641 1297 1664 1337 ‚
1681 1242 1755 1321 &
1786 1242 1935 1322 fine
1958 1244 2122 1348 lege
2156 1266 2381 1349 atque
2406 1241 2855 1345 Magistratu,
2890 1238 3075 1319 ficut

506 1350 710 1441 ferus
729 1374 978 1459 'equus
1013 1356 1190 1438 loris
1223 1355 1464 1464 ruptis
1487 1356 1914 1439 tumultuari
1928 1408 1953 1451 ,
1970 1356 2301 1462 denique
2328 1355 2410 1434 in
2445 1353 2848 1462 pernitiem
2876 1352 3081 1435 suam

499 1550 508 1556 ,
561 1492 987 1575 raecipltare.

501 1492 562 1591 'P
741 1580 1144 1689 Propterea
1185 1580 1446 1687 igitur,
1489 1584 1710 1688 atque
1762 1582 1855 1663 ad
1898 1576 2457 1689 cognoscendas
2498 1581 2815 1662 Ordinis
2862 1578 3083 1677 huius

505 1691 952 1775 famofiffimi
979 1692 1536 1777 Ordinationes
1602 1694 1677 1773 &
1719 1696 1919 1799 leges
1944 1700 2323 1801 (quarum
2362 1716 2813 1800 contemptu
2836 1747 2863 1789 ‚
2904 1714 3087 1770 cum

509 1808 733 1898 unius
763 1808 1005 1887 Seculi
1053 1806 1400 1902 decursu,
1442 1809 1857 1888 Provinciis
1885 1809 1962 1889 &
1992 1809 2271 1915 Regnis
2311 1804 2705 1913 acquifiti3‚
2756 1803 3083 1909 Regibus

509 1918 738 1999 fanus
775 1918 950 1998 esset
975 1918 1498 2018 formidabilis,
1511 1920 1768 2029 postes}
1801 1922 2244 2003 insolescens
2277 1922 2371 2002 ad
2410 1920 2746 2000 ultimam
2772 1938 3083 2023 pauper-

509 2056 740 2115 tatem
765 2034 957 2133 justo
981 2032 1126 2111 Dei
1153 2031 1448 2139 judicio
1481 2034 1860 2143 prolapsus
1900 2038 2056 2139 est)
2108 2036 2437 2141 denique
2476 2032 2631 2135 ejus
2694 2030 2948 2111 munia
3004 2021 3086 2108 δε

508 2168 758 2227 mores
773 2201 800 2242 ‚
835 2166 1189 2251 tanquam
1213 2146 1670 2255 antiquitatis
1703 2148 2033 2229 Prussicoe
2046 2205 2072 2244 ,
2096 2146 2173 2228 δι
2212 2149 2355 2227 suae
2402 2147 2587 2227 olim
2633 2146 2959 2225 fortunae
2998 2164 3088 2218 ac

508 2257 904 2369 primordii
936 2260 1336 2366 pulchrum
1367 2282 1951 2340 monumentum
1963 2315 1990 2357 ‚
2018 2248 2293 2339 merito
2326 2261 2526 2365 typis
2552 2257 2871 2362 publicis
2901 2276 3087 2333 con-

501 2371 772 2458 servari
788 2429 813 2470 ‚
843 2373 1242 2479 praesertim
1277 2374 1749 2479 reliquiarum
1785 2372 2007 2473 hujus
2031 2372 2347 2452 Ordinis
2374 2372 2697 2451 interest.
2800 2394 2809 2403 ·
2936 2408 2941 2412 ·

499 2518 506 2523 ·
598 2524 640 2569 ·,
735 2490 856 2573 De
895 2488 1198 2585 Statutis
1239 2487 1604 2567 Werneri
1643 2488 1736 2567 ab
1781 2485 2095 2568 Orselen
2122 2542 2147 2583 ‚
2190 2484 2461 2565 ultimo
2512 2483 2690 2562 loco
2730 2480 3023 2585 adjec‘iis
3054 2532 3085 2579 ‚

503 2595 554 2677 {i
581 2600 944 2687 Schfltzio
971 2625 1281 2704 quoque
1308 2600 1393 2697 in
1405 2601 1699 2681 Chron.
1729 2626 1894 2708 pag.
1928 2622 2118 2706 144.
2155 2598 2495 2705 allegatiS,
2526 2595 3087 2678 Hartknochius

501 2712 597 2791 in
623 2713 825 2793 notis
855 2714 948 2795 ad
959 2716 1310 2817 Dusburg
1340 2740 1504 2823 pag.
1529 2738 1638 2816 41
1661 2740 1695 2797 1
1712 2774 1730 2794 .
1758 2716 2021 2811 tradit,
2056 2712 2319 2820 (quod
2346 2736 2567 2791 manu
2593 2710 2879 2803 scribae,
2907 2707 3085 2786 huic

351 2876 366 2889 .
460 2811 475 2827 ‘
511 2848 824 2931 quoque
834 2827 1113 2930 MSpto
1149 2827 1376 2905 titulo
1389 2830 1853 2907 statutorum
1882 2827 2327 2931 adscriptum
2362 2820 2516 2923 est)
2549 2822 2807 2903 eadem
2833 2820 2875 2899 ἃ
2890 2825 3085 2927 Papa

511 2937 840 3017 Nicolao
869 2937 974 3014 V.
1012 2935 1187 3037 (seu
1223 2937 1480 3043 potius
1506 2940 1644 3035 VI.
1671 2966 1849 3021 nam
1860 2942 1961 3019 V.
1992 2940 2143 3037 ejus
2176 2934 2508 3014 nominis
2542 2934 2688 3016 fuit
2704 2936 3083 3040 Antipapa

497 3048 842 3148 -Johanni
889 3050 1132 3133 XXII.
1175 3050 1610 3159 oppofims)
1639 3055 1981 3156 abrogata
2026 3048 2208 3148 essie,
2258 3048 2357 3128 de
2416 3075 2563 3154 qua
2628 3074 2712 3127 re
2776 3050 2945 3127 alibi
3006 3046 3083 3126 se

512 3162 737 3243 fufius
763 3162 1090 3245 asturum
1117 3164 1492 3272 promifit,
1519 3166 1646 3247 sed
1677 3164 1939 3245 nullibi
1966 3162 2154 3246 ultra
2186 3166 2381 3243 hanc
2401 3163 2779 3243 materiam
2816 3160 3081 3264 attigit.

511 3274 824 3360 Causam
865 3302 1093 3384 quare
1119 3282 1312 3383 Papa
1359 3280 1520 3358 haec
1557 3282 1857 3373 statim,
1902 3298 2119 3358 tanto
2158 3301 2507 3383 tempore
2547 3278 2719 3384 post
2728 3330 2755 3377 ‚
2802 3296 3083 3379 nempe

500 3386 754 3470 Anno
789 3414 1036 3494 1449.
1063 3413 1295 3497 prout
1316 3390 1540 3471 titulo
1579 3388 2028 3498 adscriptum
2058 3388 2187 3470 hic
2216 3392 2358 3485 est,
2388 3388 2846 3473 damnaverit
2858 3441 2882 3484 ,
2910 3388 3082 3465 nul-

511 3498 658 3581 hm
705 3504 918 3584 aliam
957 3504 1222 3598 viden,
1275 3502 1412 3585 nisi
1453 3530 1654 3603 eam,
1697 3505 1911 3611 quod
1958 3532 2134 3585 cum
2169 3508 2593 3585 Wernerus
2645 3501 2782 3580 iste
2835 3522 3083 3607 partes

515 3614 890 3699 Ludovici
917 3618 1060 3703 IV.
1083 3622 1428 3727 Imperat.
1453 3645 1720 3705 contra
1758 3622 2027 3729 Papam
2072 3623 2117 3718 J
2119 3621 2501 3701 ohannem
2544 3616 2789 3711 XXII,
2838 3612 3080 3739 palam

2926 3747 3042 3806 tm
3188 3742 3213 3767 .
