3475 4234
528 143 709 265 300·
1056 115 1782 230 SCRIPTORES
1843 139 2518 223 PRUTENICI

519 259 3042 302 wm-

514 338 603 418 in
646 331 895 413 edisto
932 328 1241 435 praefixo
1288 323 1560 408 dicitur
1590 376 1615 417 ,
1664 321 1970 424 antiqua
2013 318 2423 400 Ordinatio
2467 313 2766 400 tuntum
2822 345 3092 405 mmu-

518 448 783 552 scripta
794 493 821 540 ,
852 439 1287 549 amplificata
1310 489 1337 534 ,
1375 435 1699 517 correaa
1712 487 1740 530 ‚
1785 433 1862 514 δι
1895 431 2096 540 typis
2137 429 2377 538 prima
2411 431 2576 512 vioe
2609 433 2934 538 expressa
2953 439 3088 516 est·

518 561 667 642 Sed
688 558 819 638 sub
846 553 1179 657 ejusdem
1200 551 1433 632 Ducis
1458 546 1773 632 nomine
1785 601 1810 642 ,
1847 547 2010 628 haec
2053 544 2312 624 eadem
2351 543 2674 626 secunda
2723 545 2892 626 vice
2931 571 3088 630 ama

515 673 718 780 plior
756 670 833 748 &
874 667 1279 748 correfflor
1309 664 1568 747 ,Anno
1618 685 1655 742 1
1673 683 1715 766 5
1731 671 1778 754 8
1795 683 1866 767 33
1923 655 2200 740 iterum
2245 657 2450 764 typis
2489 659 2857 766 publicata
2895 661 3072 747 fuit:

516 805 909 885 utramque
950 777 1076 860 hic
1103 777 1449 857 exhibeo.
1574 849 1581 854 ,

588 961 597 974 .
746 897 1043 982 Notatu
1105 891 1329 994 digna
1380 889 1465 968 in
1532 889 1673 970 hac
1714 883 2239 967 ordinatione
2303 907 2720 967 occurrunt
2767 918 2785 965 ε
2843 885 3088 994 Qod

518 1008 867 1116 Qatuor
928 1009 1300 1106 Regentes
1354 999 1674 1106 supremi
1700 1054 1727 1095 ‚
1797 1025 1970 1078 cum
2009 998 2216 1078 0610
2269 998 2752 1080 Affefl‘oribus
2805 999 3086 1098 Judieii

518 1120 767 1199 Aulici
806 1123 935 1207 bed
976 1108 1531 1224 ‚Qoffgetitboel
1575 1137 1814 1196 unum
1839 1111 2196 1216 idemque
2227 1111 2653 1215 Collegium
2677 1135 2873 1192 tunc
2909 1111 3086 1192 effe-

518 1233 759 1311 cerint
773 1285 799 1326 ‚
828 1229 1041 1334 quod
1070 1253 1277 1308 nunc
1304 1223 1615 1306 divisum
1646 1228 1776 1303 est.
1835 1227 1920 1324 (2
1930 1233 1972 1321 >
1985 1223 2435 1304 Profeffore's
2465 1226 2512 1320 J
2513 1227 2661 1304 uris
2677 1224 3084 1321 ordinarii,

514 1343 939 1428 Academiae
988 1341 1604 1446 Regiomontanae
1615 1392 1643 1436 ‚
1686 1351 1856 1418 non
1901 1335 2034 1412 nifi
2087 1337 2176 1416 ad
2221 1336 2450 1419 Casus
2493 1335 2826 1425 difficiles
2853 1339 2929 1421 ὅ(
2955 1363 3084 1416 ex-

514 1456 1079 1550 traordinario&
1110 1451 1250 1534 hfic
1278 1450 1788 1536 Ordinatione
1816 1446 2122 1551 obligati
2154 1446 2435 1530 filerint
2449 1503 2474 1544 ,
2489 1449 2584 1528 ad
2609 1449 3083 1530 deliberatio-

516 1595 649 1652 nes
680 1569 1047 1650 causarum
1086 1563 1717 1666 dijudicandarum
1730 1617 1756 1656 ‚
1785 1561 1962 1641 huic
1989 1562 2394 1642 Dieasterio
2423 1562 2674 1642 voeati
2701 1563 3040 1645 intereffe
3053 1617 3080 1659 ‚

514 1701 775 1764 mera
827 1680 1271 1767 lestionibus
1298 1677 1489 1772 Juris
1518 1675 1595 1756 &
1634 1673 2066 1758 erudiendis
2105 1672 2458 1754 Studiosis
2509 1676 2708 1770 juris
2763 1701 3021 1756 vacare
3053 1731 3083 1770 ‚

514 1821 765 1898 neque
822 1791 863 1870 a
896 1815 1205 1869 munere
1247 1789 1402 1868 hoc
1444 1788 1758 1874 avocat&
1805 1865 1810 1870 ,
1863 1789 2018 1893 (3)
2083 1787 2336 1896 Qod.
2365 1790 2532 1870 Art.
2583 1811 2620 1866 1
2639 1812 2711 1868 2.
2755 1783 3088 1894 express‘e

514 1905 1099 2014 appellationum
1142 1901 1419 1988 summa
1459 1901 1836 1996 instantia,
1878 1900 2072 1980 intra
2101 1901 2628 2007 provinciam,
2667 1901 2754 1982 in
2791 1900 3086 1982 summo

510 2021 666 2101 hoc
742 2013 1079 2099 subsellio
1158 2015 1434 2103 Aulico
1498 2013 1840 2120 ‚affignata
1866 2068 1893 2110 ‚
1946 2014 2024 2094 &
2071 2013 2342 2096 omnis.
2375 2013 2688 2094 ulterior
2737 2015 3088 2095 evocatio

512 2153 717 2210 extra
742 2127 1109 2224 ptumam,
1142 2151 1493 2234 tanquam
1524 2127 1842 2231 antiquo
1873 2127 2250 2212 Cardinali
2277 2129 2322 2222 J
2323 2127 2454 2206 uri.
2467 2127 2836 2212 contraria
2850 2179 2876 2221 ‚
2909 2151 3088 2232 pro-
3151 2205 3160 2213 .

512 2243 746 2326 hibita
794 2243 1045 2325 fuerin
1182 2245 1283 2321 Et
1347 2241 1537 2326 hocs.
1557 2239 1923 2345 pund-mn
1948 2295 1974 2334 ‚
2035 2240 2120 2318 in
2167 2238 2428 2319 ultima
2481 2237 2820 2320 editione
2871 2239 3106 2337 hujus-

514 2355 1079 2450 ordinationis,
1110 2357 1351 2434 Anno
1395 2378 1428 2432 1
1451 2362 1639 2457 583.
1700 2353 1869 2431 Art.
1910 2368 2036 2454 14.
2066 2351 2468 2456 repetitum
2495 2403 2519 2445 ,
2549 2347 2882 2457 expresse
2905 2375 3089 2459 pro-

514 2469 953 2548 vocationes
997 2465 1087 2556 ab
1130 2465 1283 2553 hoc
1326 2464 1733 2550 Dicasterio
1787 2465 1880 2547 ad
1929 2469 2214 2569 Regem
2252 2464 2586 2544 Poloniae
2644 2465 3034 2572 prohibuit
3058 2517 3086 2562 ,

510 2581 665 2662 vid.
710 2573 1157 2658 Hartknoch
1202 2569 1817 2684 memm'ceuss'en
1844 2605 2032 2684 pag„
2055 2601 2098 2683 ς
2106 2580 2254 2680 96.
2525 2609 2530 2614 ·
2701 2593 2708 2602 ·
3039 2601 3072 2630 ··

760 2692 993 2771 Unde
1062 2689 1227 2770 satis
1294 2693 1583 2776 constat
1615 2746 1642 2789 ‚
1724 2691 2302 2797 appellationem
2385 2691 2824 2772 ulteriorem
2883 2713 3089 2770 extra
3249 2769 3266 2784 ,

514 2802 899 2898 Pmffiam,
926 2807 1164 2906 Reges
1194 2805 1710 2908 Sigismundos
1741 2809 1797 2884 Ι.
1849 2804 1927 2884 &
1967 2809 2063 2885 11.
2114 2828 2336 2907 quam
2383 2805 2830 2888 Civitatibus
2877 2802 3088 2884 Prus-

515 2917 627 3001 fiae
666 2915 1053 2995 Polonicae
1100 2917 1235 3011 vi,
1286 2942 1477 2996 non·
1502 2916 1661 3015 iure
1703 2918 1781 2998 δι
1827 2941 2041 2998 more
2083 2915 2400 3019 antiquo
2431 2971 2457 3011 ,
2505 2916 3005 3010 extorserant,
3045 2911 3104 2996 a·

512 3029 855 3110 Ducibus
915 3053 1225 3133 quoque
1268 3029 1553 3120 Pruffiae
1599 3030 2004 3111 orientalis
2029 3081 2054 3122 ‚
2109 3051 2376 3132 praeter
2419 3025 2722 3136 antiqua
2765 3028 2972 3137 paela
3010 3028 3090 3110 δι’.

511 3141 1119 3224 infeudationum
1154 3142 1433 3224 formas
1459 3199 1487 3238 ,
1524 3141 1712 3248 saepe
1755 3138 2196 3243 requifivifi‘e
2223 3195 2248 3236 ‚
2294 3141 2421 3224 sed
2459 3169 2846 3250 nunquam
2886 3141 3090 3223 obti-

510 3254 788 3335 nuiffe:
845 3257 1120 3336 Donec
1142 3252 1652 3358 Sigismundus
1680 3255 1812 3332 111.
1839 3256 2000 3334 Rex
2027 3256 2399 3353 Poloniae,
2429 3260 2668 3338 Anno·
2710 3281 2745 3335 1
2761 3259 2958 3362 605.
2999 3254 3087 3338 in

510 3367 739 3472 pastis
786 3389 963 3451 curn
988 3367 1033 3463 J
1034 3365 1381 3446 nacla-imo
1406 3364 1829 3464 Friderico3
1871 3367 2211 3477 EleElore
2223 3425 2248 3464 ,
2291 3370 2494 3450 inter
2539 3371 2825 3473 aliquot
2851 3395 3088 3448 novas

512 3481 1001 3560 conditiones
1035 3477 1361 3563 feudales
1376 3529 1403 3576 ‚
1436 3479 1661 3562 etiam
1689 3481 2259 3588 appellationem
2285 3482 2364 3561 in
2394 3482 2614 3562 causis
2649 3480 2837 3562 ultra
2865 3485 3086 3587 quin-'-

510 3615 781 3704 gentos
860 3592 1193 3684 florenos
1266 3593 1704 3704 expreflill'et
1745 3645 1772 3694 ,
1807 3671 1820 3678 .
1850 3621 2074 3702 quam
2163 3591 2470 3684 demum
2534 3597 2776 3680 Anno
2841 3619 2876 3680 1
2893 3601 2942 3678 6
2921 3621 3008 3790 ἐι
3009 3619 3085 3674 2.

611 3748 620 3757 ·
3009 3733 3084 3786 ὔ-
