3475 4234
918 165 1556 256 PRAEFATIO
1601 169 1791 260 AD
1868 169 2646 258 LECTOREM.

651 343 968 428 Utinam
985 343 1156 428 sane
1181 347 1398 428 multi
1425 348 1847 452 antiquitati
1891 349 1968 428 δι
1998 348 2355 444 historie,
2394 353 2638 453 gentis
2670 354 2971 461 praepri·

403 459 546 546 mis
583 461 728 542 suae
751 513 778 558 ‚
826 461 1257 558 studerent,
1305 459 1548 542 multo
1589 461 1795 542 enim
1839 461 1983 542 viri
2014 462 2547 568 rempublicam
2580 467 2970 569 trastantes

401 572 666 657 melius
722 574 823 653 de
879 575 1156 675 juribus
1233 575 1486 679 patriae
1567 577 1720 676 (ne
1790 574 2147 654 damnum
2232 575 2354 654 vel
2428 576 2767 675 injuriam
2832 604 2969 682 per

399 687 893 796 ignorantiam
953 688 1300 815 cuiquam
1345 685 1668 782 saciant,
1709 686 1787 768 δι
1841 687 1939 765 de
1986 687 2309 792 negotiis
2362 691 2715 769 omnibus
2794 715 2969 772 cum

399 801 908 882 fundamentis
984 800 1254 899 jurium
1324 800 1801 904 publicorum
1874 799 2397 903 consultent)
2448 802 2969 882 edooerenmr.

401 905 860 1014 Hujusmodi
889 921 1134 991 autem
1163 911 1634 1016 ignorantiae‚
1675 939 2017 1016 magnam
2044 935 2331 1019 partem
2358 916 2864 1026 gravaminum
2890 913 2969 996 δε
3015 937 3021 942 ·

400 1025 1022 1135 praejudiciorum,
1037 1042 1300 1108 eontra
1323 1024 1789 1108 voluntatem
1818 1025 1897 1106 &
1910 1025 2437 1109 conscientiam
2454 1029 2965 1156 regnantium,

401 1137 672 1220 misero
725 1138 1017 1244 populo
1076 1137 1582 1234 infimorum,
1641 1139 1849 1218 unde
1898 1133 2124 1219 status
2186 1140 2277 1216 ab
2322 1139 2645 1242 antiquis
2698 1139 2966 1220 orbitis

392 1250 680 1336 evetfio
719 1250 926 1356 sequi
957 1249 1179 1346 solet,
1207 1250 1556 1356 imputari
1588 1250 1796 1358 posse
1810 1303 1836 1347 ,
1864 1250 2028 1332 satis
2054 1249 2363 1328 evidens
2390 1249 2518 1328 est.

645 1399 765 1476 De
793 1393 1104 1474 Polonis
1131 1393 1628 1501 Scriptoribus
1657 1394 1767 1472 rei
1792 1394 2059 1472 nostrae
2092 1392 2405 1498 publicae
2432 1394 2745 1497 cognitu
2772 1389 2963 1476 adeo

401 1495 842 1605 moestitiis,
873 1505 1272 1587 Varsevicii
1285 1559 1310 1603 ‚
1347 1503 1847 1600 Starovolseii‚
1888 1505 1969 1584 &
2004 1529 2249 1612 nuper
2270 1505 2569 1612 Hoppii
2607 1504 2965 1588 schedias

403 1639 594 1701 mata
619 1669 644 1716 ,
699 1645 946 1700 meros
1000 1619 1424 1722 mtalogos,
1495 1617 1853 1718 judicium
1908 1618 2195 1698 nullum
2272 1635 2422 1698 aut
2444 1619 2840 1716 mutilum,
2882 1620 2967 1700 δι

403 1732 736 1814 laudibus
761 1731 1278 1838 personarum,
1308 1753 1474 1809 non
1495 1751 1746 1809 rerum
1774 1725 2100 1827 ‹zenan-a,
2118 1751 2559 1837 corrupt-um
2584 1731 2965 1812 habemus·-

401 1843 524 1925 De
564 1844 904 1924 Prutenis
953 1842 1156 1920 idem
1197 1841 1524 1920 defenstus
1553 1842 1799 1922 adest.
1858 1865 2034 1922 nam
2071 1843 2169 1921 de
2196 1843 2599 1924 Chronicis
2642 1844 2965 1948 antiqui·

405 1958 696 2052 oribus,
727 1955 1126 2062 praesertim
1153 1955 1430 2034 Seculis
1457 1956 1632 2034 XV.
1657 1954 1734 2036 δι
1768 1956 1977 2035 XVI.
2026 1954 2346 2061 scriptis,
2386 1954 2757 2061 pleriqu
2775 1981 2965 2036 ano·-

404 2071 676 2174 nymis‘,
700 2085 864 2148 non
899 2065 1030 2146 nifi
1063 2091 1156 2146 ex
1167 2066 1732 2172 Hennebergeri
1756 2068 1832 2148 &
1858 2061 2195 2150 Schiitzii
2211 2059 2559 2174 catalogo
2558 2070 2965 2175 quicquam

402 2183 662 2287 liquet.-
713 2181 1191 2276 Hartknoch‚
1227 2181 1514 2260 sedulus
1531 2183 1849 2260 historia:
1880 2183 2129 2284 patriae
2154 2181 2545 2308 inquisitor
2568 2184 2647 2258 &
2674 2179 2962 2273 censor,

399 2313 629 2423 pauca
655 2293 950 2388 habuit,
992 2289 1408 2396 pauciffima
1446 2291 1574 2369 sed
1615 2289 1809 2370 bene
1850 2291 2013 2368 satis
2060 2291 2521 2368 examinavit.
2627 2287 2965 2368 sta-uvius

401 2408 486 2488 in
499 2405 958 2486 Bibliotheca
977 2404 1565 2495 Historicorum,
1593 2403 1707 2480 uti
1736 2422 2128 2478 extraneus
2151 2401 2636 2504 perexiguum
2664 2403 2961 2480 nostro—

403 2535 574 2600 rum
625 2533 1024 2600 numerum
1069 2513 1437 2611 recenset,
1461 2513 1600 2596 δι
1578 2539 1662 2592 ιιι
1714 2511 1979 2595 [εΙεὲὶιι
2020 2511 2387 2620 ipsorum,
2440 2513 2753 2596 aliorum
2792 2537 2961 2594 non

401 2633 613 2768 suum·
639 2631 998 2734 judicium
1035 2625 1466 2732 sequutus.

581 2761 964 2854 Proinde
981 2767 1440 2878 Scriptorum
1451 2771 1784 2852 Poloniae
1812 2773 1885 2853 &
1899 2769 2185 2852 Pruffiae
2211 2779 2585 2876 (quorum
2608 2777 2963 2882 pleraque

401 2873 780 2968 volumina
813 2888 1052 2996 longo
1075 2887 1328 2966 labore
1360 2882 1433 2964 &
1461 2884 1807 2990 impensis
1845 2885 2108 2988 collegi
2135 2886 2210 2962 &
2244 2882 2499 2965 seduli)
2527 2887 2959 2998 legi)1ndaf

401 3013 745 3106 gatoreS,
772 2991 1115 3131 primum
1165 2997 1472 3129 quidem
1507 2997 1738 3094 filios,
1780 2997 1877 3076 de
1904 2998 2164 3078 selebin
2198 2999 2700 3103 optimorum,
2737 2993 2959 3108 atque

402 3115 498 3193 de
530 3097 1046 3218 insignioribus
1076 3101 1417 3190 oninium
1444 3105 1839 3192 virtutibus
1872 3111 1948 3190 &
1975 3112 2171 3189 vitiis
2218 3111 2631 3194 instruendi
2680 3111 2961 3244 suscepi

402 3241 689 3321 curam,
717 3225 992 3330 absque
1027 3224 1239 3303 ullius
1267 3211 1492 3356 gratia
1523 3224 1638 3304 vel
1664 3223 1851 3303 odio
1880 3223 2279 3331 personali,
2320 3227 2601 3306 calamo
2626 3229 2956 3320 veritati,

404 3333 698 3446 qualem
725 3330 1047 3418 humana
1077 3323 1427 3443 industria
1451 3323 1718 3466 asstqui
1757 3337 2015 3444 potui,
2044 3358 2219 3418 non
2260 3335 2631 3416 affeestibus
2676 3339 2958 3416 manci-

401 3469 606 3580 pato.
713 3443 860 3528 Sed
905 3449 1260 3552 quoniam
1299 3443 1488 3530 ultra
1515 3451 1845 3556 priorem
1884 3451 2389 3530 intentionem
2420 3465 2698 3545 meam,
2734 3451 2955 3530 etiam

405 3559 556 3650 aliis
600 3553 774 3644 viris
821 3559 1054 3647 deeris
1099 3563 1178 3649 &
1211 3563 1429 3648 bonis
1474 3563 1913 3674 opusculum
1938 3560 2092 3646 hoc
2122 3557 2519 3667 legendum
2554 3581 2955 3756 ριορὲιειίιῖἰ
