3475 4234
1357 169 1492 250 IN
1553 169 2052 278 QJARTo.
2834 177 2990 282 183

435 357 676 438 Anno
718 379 751 436 1
767 359 868 457 69
885 379 952 436 1.
976 351 1126 460 ipsa
1153 351 1374 434 not'ste
1387 350 1963 435 Resurrectionis
1994 352 2265 432 Christi
2278 405 2305 446 ,
2340 350 2556 458 super
2586 354 2793 432 hunc
2810 352 2999 456 lapi-

439 469 616 548 dem
657 465 936 565 salutiS‚
973 467 1260 568 abjectis
1285 467 1664 545 ‚omnibus
1694 464 2033 544 humanis
2078 463 2341 544 fabulis
2357 520 2382 561 ‚
2410 466 2691 548 Medici
2714 465 2998 546 Mariae-

431 581 808 683 ,burgensis
837 581 1019 684 (qui
1047 581 1292 662 morbi
1320 581 1474 679 ejus
1503 576 1925 658 administer
1956 576 2232 672 filei-at,
2276 576 2351 656 &
2392 579 2577 658 mihi
2604 581 2759 660 hoc
2798 593 2999 658 retu·-

433 695 604 798 lit‚)
642 696 782 800 piis
811 690 1451 774 adhortationibus
1483 693 1799 787 ere-cius,
1828 693 1917 768 in
1946 691 2288 770 Domino
2318 689 2799 770 obdormivit.

515 851 522 856 ·
581 843 586 850 ·
681 807 925 888 XLV.
975 807 1506 886 NICOLAI
1557 805 2495 884 CHWALKOWSKI
2544 806 2773 884 Ducis
2800 803 2997 882 Cur-

337 965 350 980 =
433 918 762 1000 landiae
732 947 826 998 m
868 919 1024 998 aula
1063 918 1289 1023 Regia
1317 918 1476 1018 Pol.
1517 915 1899 996 refidentis
1956 915 2413 1020 Consiliarii‚
2448 917 2597 1030 sus
2652 907 2994 1025 publicum

433 1036 647 1143 Regni
691 1033 1014 1112 Poloniae
1057 1029 1272 1112 alteri
1325 1009 1470 1178 hae
1528 1030 1863 1113 editione
1916 1029 2216 1134 prodiit
2254 1034 2493 1119 Anno
2556 1055 2593 1112 1
2612 1033 2795 1186 684.
2848 1032 2995 1108 Re-

431 1144 832 1248 giomonti.

523 1292 530 1298 ·
681 1263 926 1366 Qam
956 1257 1468 1362 indiligenter,
1505 1258 1628 1334 abs,
1597 1283 1781 1359 sque
1822 1279 2175 1352 accurata,
2192 1255 2265 1334 δε
2297 1282 2441 1360 pro
2457 1255 2657 1336 tanta
2696 1247 2998 1336 materia
3062 1265 3071 1274 “

431 1367 854 1502 amplissime
885 1371 1192 1450 deducta
1209 1371 1663 1464 traciatione,
1679 1373 1983 1448 Author
2008 1369 2280 1448 librum
2316 1371 2523 1448 hunc
2548 1371 2996 1474 depropera-

432 1483 646 1579 verit,
661 1483 823 1564 satis
841 1487 1272 1564 Exercitatio
1249 1507 1456 1588 quae
1487 1483 1837 1562 tribuitur
1848 1481 2375 1562 Hartknochio
2386 1483 2627 1562 Amo
2662 1479 2999 1584 sequenti

443 1601 690 1699 1685.
725 1596 958 1693 edita,
981 1595 1062 1682 Β(
1091 1597 1268 1678 huic
1297 1597 1678 1674 volumini
1691 1619 2011 1689 annexa,
2038 1593 2222 1674 ficut
2248 1592 2493 1674 vitum
2520 1591 2895 1690 sedulum,
2924 1593 2999 1671 &

433 1711 658 1806 nihil,
687 1707 818 1790 nisi
853 1710 1110 1814 quoad
1133 1706 1488 1790 industria
1513 1707 1634 1788 suii
1660 1707 1981 1790 humana
2006 1715 2245 1810 usque
2280 1707 2705 1812 pertingere
2720 1705 2998 1842 potuit,
3047 1751 3056 1761 ν

431 1821 744 1907 scribere
777 1823 1102 1918 fletum,
1137 1823 1427 1916 decuit,
1457 1823 1620 1912 fitis
1649 1823 2046 1900 evidenter
2074 1819 2557 1901 demonstrat.
2666 1809 2998 1910 Proinde

433 1937 885 2016 Exercitatio
927 1959 1010 2014 ea
1050 1935 1264 2012 omni
1307 1928 1621 2025 leclbri:
1645 1931 1776 2034 qui
1818 1957 1985 2010 vera
2026 1959 2073 2008 a
2116 1933 2300 2014 falsis
2344 1955 2467 2014 aut
2536 1931 2999 2039 negligenter

429 2047 706 2129 omiffis
735 2046 1188 2156 cognoscere
1221 2045 1468 2149 cupit,
1503 2045 1975 2148 summopere
2008 2045 2391 2126 neceflaria
2416 2047 2569 2128 estz

681 2158 966 2240 Habuit
994 2159 1622 2238 Chwalkowskius
1649 2153 2047 2261 impulsum
2076 2155 2168 2236 ad
2196 2155 2664 2240 scribendum
2694 2156 2997 2264 aliquid,

423 2271 1030 2377 opinionemque
1061 2271 1188 2352 fibi
1225 2269 1543 2352 scientiae
1572 2266 2163 2350 &eruditionis
2142 2295 2227 2352 m
2252 2262 2412 2352 aula
2429 2270 2715 2351 Polona
2748 2273 2998 2374 acqur-

393 2387 778 2481 -rendam,
821 2388 948 2466 sed
973 2385 1226 2486 judicii
1253 2383 1329 2466 δι
1359 2381 1730 2464 industriae
1760 2380 1855 2462 ad
1884 2377 2076 2462 bene
2120 2381 2197 2464 δι
2232 2382 2485 2462 exacte
2525 2381 2997 2463 scribendum

427 2499 672 2592 utilia,
703 2500 958 2580 habuit
990 2524 1270 2606 parum.
1381 2496 1618 2606 Qod
1647 2499 1893 2580 etiam
1904 2490 2137 2606 Effltae,
2163 2506 2417 2604 Regum
2448 2499 2751 2590 Palania,
2784 2497 2871 2574 ab
2900 2521 2996 2574 eo

431 2610 790 2690 Varsaviae
845 2616 1079 2694 Anno
1110 2637 1140 2690 1
1163 2614 1216 2689 6
1217 2631 1356 2711 94.
1381 2612 1567 2689 item
1623 2613 1997 2718 „singularia
2052 2611 2359 2688 Paeonia.
2409 2609 2691 2690 ibidem
2754 2613 2995 2689 Anno
3074 2671 3079 2676 -

441 2726 689 2824 1696.
715 2723 911 2804 edita
951 2727 1324 2802 testantur.
1428 2721 1684 2802 Paffim
1713 2723 1931 2800 enim
1962 2723 2047 2800 in
2082 2723 2481 2808 Historicis
2534 2723 2794 2817 obvia,
2812 2721 2993 2800 ·fine

419 2834 692 2920 selectu
739 2837 1106 2942 exscripsit
1155 2861 1280 2916 aut
1321 2837 1490 2917 trita
1545 2859 1670 2914 aut
1730 2836 2071 2931 inutilia,
2120 2863 2311 2940 quae·
2340 2835 2435 2914 ad
2474 2836 2997 2940 cognitionem

425 2951 774 3030 Historiae
817 2951 930 3028 vel
957 2953 1152 3046 Juris
1181 2951 1463 3030 Publici
1492 2949 1722 3028 nihil
1703 2973 1991 3047 juvant.-
2132 3007 2141 3016 .

567 3098 575 3106 ·
666 3065 984 3140 XLVI.
1073 3065 1674 3144 GASPARUS
1764 3062 2391 3142 CICHOCKI
2502 3009 2987 3142 Anatomiam

433 3172 752 3254 (201111111
774 3173 874 3250 de
901 3173 1259 3277 pellendis
1294 3178 1558 3278 Regno
1595 3175 1897 3271 Jesuitis·
1915 3175 2195 3277 (quod
2216 3169 2571 3277 scriptum
2598 3173 2996 3276 Anonymi
3034 3199 3043 3208 ·

428 3311 572 3392 per
589 3284 982 3366 Poloniam
1027 3305 1214 3367 tunc
1253 3286 1953 3386 circumferebatur)
1996 3291 2232 3366 Anno
2260 3311 2291 3366 1
2315 3289 2432 3366 61
2438 3309 2509 3365 1.
2553 3286 2993 3372 Cracoviae3

427 3403 529 3479 Et
557 3425 774 3478 moyr-
767 3399 878 3478 ·ad
911 3398 1064 3497 ejus
1096 3399 1775 3502 „complementum
1807 3395 2245 3505 alloquiorum
2290 3395 2501 3506 Osiecc
2494 3395 2715 3506 ustum
2746 3391 3001 3492 titu10‚

431 3512 674 3592 Libris
721 3513 822 3600 V
867 3517 1104 3592 Anno
1151 3515 1396 3615 1615.
1444 3533 1798 3613 tanquam
1842 3513 2241 3588 Sermones
2295 3510 2803 3615 Sympofiacos
2847 3511 2991 3588 five

432 3624 855 3708 convivales
867 3679 894 3722 ,
919 3625 1334 3708 imitatione
1365 3625 1734 3704 Plutarchi
1762 3624 1840 3701 &
1868 3622 2175 3701 aliorum
2188 3675 2217 3718 ,
2252 3623 2452 3728 typis
2488 3623 2937 3810 publicavit.I

743 3785 752 3791 .
1063 3783 1074 3790 .
1329 3781 1338 3790 .
1357 3745 1367 3758 ’
1640 3777 1646 3784 -
1940 3764 1961 3776 -
2146 3773 2153 3778 -
2258 3789 2261 3792 ,
2460 3775 2463 3780 -
2938 3753 2993 3810 n
