3475 4234
1298 148 1459 295 iN
1476 209 2040 323 QJARTo
2785 240 2955 329 131

548 397 555 407 '
642 395 815 473 XX.
843 392 1337 473 GEORGH
1379 393 1810 472 CNAPII
1853 383 2176 501 ‘Thisben'
2193 397 2454 469 neone·
2474 397 2738 469 Latin·
2749 395 2964 469 emi

398 509 637 585 Tm
696 510 788 593 11
862 506 1187 585 Latino-
1201 506 1661 594 Fulminis,
1680 507 2114 587 Cracoviae
2171 507 2450 584 Anno·
2474 510 2686 586 1⁶26ae
2725 528 2928 610 typis
2939 548 2964 597 μ

398 640 715 729 propter
744 620 1181 698 brevitatem
1210 618 1457 697 snam
1436 645 1517 697 333
1546 617 1792 699 forma
1832 618 2114 727 Qartss
2159 618 2426 697 editus.
2530 615 2903 698 Author
2881 643 2966 696 333

394 734 621 817 titulo
643 731 1187 837 &praefatione
1214 730 1429 809 dicit:
1456 734 1551 810 Se
1572 734 1874 811 huncT
1875 754 2137 811 omum
2159 728 2575 811 secundum
2613 754 2976 835 tanquam·
3021 791 3027 803 .

394 846 725 926 indicem
768 845 1123 923 Latirmm
1178 844 1423 923 Tomi
1460 848 1519 923 Ι.
1562 846 1703 949 qui
1751 845 2282 925 Polonicamm
2337 866 2632 923 tantum
2690 866 2969 923 vocum·

346 1006 369 1027 ·
394 960 623 1041 habet
648 958 1193 1050 evolutionem
1210 956 1727 1063 composuisse‚
1747 960 1878 1063 qui
1907 958 2116 1039 limul
2124 957 2564 1037 Diclionarii
2578 957 2722 1037 live
2745 962 2968 1035 voca-

398 1071 659 1152 bularii
688 1068 1087 1149 abbreviati
1118 1070 1283 1149 vice
1306 1069 1536 1178 fungi
1548 1072 1802 1176 poffie-
1905 1070 2101 1179 Qia
2132 1093 2384 1149 tamen
2412 1071 2715 1175 paginas
2743 1070 2968 1177 primi

399 1184 647 1265 Tomi
682 1184 811 1265 hic
856 1182 1223 1263 secundus
1258 1206 1435 1261 -non
1478 1184 1659 1263 citat
1667 1212 1692 1279 5
1735 1206 1986 1287 neque
2039 1182 2419 1263 vocabulis
2478 1184 2707 1288 primi·
2726 1181 2980 1263 Tomi:

398 1295 635 1405 press‘e
664 1294 987 1376 adheret
1000 1322 1029 1383 ς·
1048 1291 1183 1379 sed·
1208 1319 1336 1375 aut
1352 1296 1568 1401 plura
1600 1320 1727 1375 aut
1747 1296 2098 1403 pauciora
2105 1298 2332 1373 verba
2349 1292 2675 1395 ejusdem
2689 1294 2970 1399 syllaba:

287 1492 305 1517 ,
399 1407 923 1515 complectitur
962 1437 985 1495 3
1054 1406 1351 1487 Idcirco
1398 1434 1565 1487 non
1604 1408 1736 1487 nili
1781 1409 1884 1489 ob
1933 1408 2248 1487 initiales
2286 1408 2526 1487 literas
2553 1410 2852 1487 Latinas
2894 1407 2974 1485 δι

398 1518 813 1603 breviffime
863 1520 1134 1619 adiecta
1176 1523 1549 1601 vocabula·
1581 1524 1938 1601 Polonica
1968 1572 1996 1617 ,
2041 1523 2194 1622 ejus
2264 1521 2532 1624 lingvae
2586 1542 2750 1598 non
2807 1518 2978 1597 satis

402 1636 649 1746 gnaris
682 1634 935 1729 servit,
962 1657 1051 1715 ut
1074 1634 1385 1715 inventa
1418 1658 1607 1715 voce
1634 1632 2054 1731 defiderata,
2082 1632 2446 1713 fusiorem
2461 1634 2626 1733 ejus
2655 1632 2973 1737 explicas-

402 1750 699 1831 tionem
740 1746 1023 1853 duplici
1068 1748 1319 1830 labore
1344 1800 1369 1844 ,
1404 1748 1501 1828 -in
1547 1749 1932 1829 volumine
1990 1772 2274 1851 magno·
2318 1745 2618 1825 scrutari
2673 1742 2970 1851 possint.

407 1860 559 1943 S‘ed
586 1855 839 1967 neque
878 1859 1319 1945 Diaionarii
1366 1858 1725 1941 brevioris
1769 1860 2384 1941 commoditatem
2429 1857 2592 1938 satis
2629 1858 2912 1966 praebet
2940 1912 2972 1949 ‚

400 1976 645 2055 multo
676 1974 1185 2054 commodiori
1220 1968 1357 2051 illo
1388 1974 1830 2053 dictionario
1845 1974 2223 2079 Dafipodii
2250 1972 2716 2079 jamprovifis
2743 1970 2973 2049 leam

402 2088 646 2182 ribus,
688 2086 773 2163 in
817 2110 975 2189 quo
1022 2084 1181 2189 pari
1220 2080 1467 2163 form&
1514 2084 1842 2191 portatili
1859 2138 1883 2179 ‚
1927 2086 2236 2191 triplicis
2279 2086 2546 2189 lingvae
2587 2082 2974 2164 Vocabula

405 2224 581 2278 eum
612 2222 883 2277 eorum
907 2195 1529 2292 derivationibus,
1555 2196 2228 2326 compositionibus
2263 2197 2344 2275 &
2369 2196 2780 2299 synonimis
2811 2220 2974 2274 uno

402 2310 791 2397 volumine
833 2310 1301 2395 exhibentem
1414 2308 1850 2390 Consultius
1907 2308 2134 2414 igitur
2185 2309 2576 2413 Cnapius,
2615 2310 2834 2413 quod
2891 2308 2980 2387 in·
3085 2338 3094 2347 ·

402 2425 745 2505 editione
775 2422 1217 2505 Voluminis
1236 2424 1462 2531 primi
1490 2424 1731 2503 Tomi
1757 2422 2229 2575 promiserat,
2269 2420 2600 2575 indicem
2636 2418 2972 2525 locuple

412 2559 569 2618 tem
606 2535 853 2617 eidem
878 2536 1123 2615 statim
1152 2536 1545 2617 adiecisset.

658 2650 867 2729 XXI.
938 2648 1529 2780 JOHANNIs
1596 2648 2322 2729 INNOCENTII
2386 2638 2974 2735 PETRICII,
3029 2700 3034 2704 -

408 2762 693 2867 Medici
739 2759 817 2841 &
854 2760 1457 2867 Historiographi
1508 2761 1589 2841 in
1630 2758 2034 2843 Academia
2087 2757 2614 2854 Craeovienfi,
2693 2756 2979 2833 Comitia

398 2880 793 2987 Sapientiam
850 2878 1095 2954 Anno
1142 2879 1343 2971 1628.
1402 2874 1788 2957 Cracoviae
1831 2897 2032 2981 typis
2090 2870 2471 2981 impressa·
2455 2930 2472 2946 .
2517 2870 2643 2950 sed
2687 2892 2978 2949 tantum

400 2990 693 3071 Partem
725 2987 1041 3094 primam
1074 2986 1383 3068 absolvit
1411 2989 1757 3083 Author,
1793 2990 1923 3091 qui
1957 2987 2135 3068 duas
2162 3010 2405 3092 partes
2435 2982 2790 3090 promisit.

651 3102 798 3189 Vir
860 3102 993 3177 iste
1042 3100 1538 3180 Academicus
1568 3156 1593 3197 ‚
1682 3100 2126 3181 collectanea
2181 3101 2305 3178 sua
2379 3096 2455 3175 &
2511 3094 2981 3175 altitudinem

407 3210 760 3291 disiionis
821 3212 1018 3289 Orbi
1072 3215 1752 3299 communicaturus
1779 3266 1806 3308 ,
1865 3212 1957 3291 ad
2019 3210 2516 3291 imitationem
2559 3212 2927 3291 Veterum
2959 3261 2983 3300 ,

408 3322 1007 3431 sub-Sapientum
1043 3320 1120 3402 &
1145 3322 1776 3431 Philosophorum
1828 3324 2008 3407 fisso
2051 3345 2438 3403 conventu
2481 3318 2936 3428 sympofiaco
2959 3372 2986 3413 ‚
3067 3390 3076 3397 .

410 3442 835 3541 eorumque
872 3435 1367 3545 dialogism0‚
1380 3436 1777 3517 sententias
1807 3436 2097 3531 destas,
2148 3436 2244 3515 de
2282 3432 2498 3515 variis
2531 3434 2870 3515 Personis
2912 3432 2988 3512 δι

412 3552 633 3631 rebus
684 3550 1337 3655 expromendum,
1372 3550 1727 3656 scriptum
1769 3550 1928 3629 hoc
1976 3546 2296 3653 congefl‘
2299 3571 2355 3626 t
2466 3546 2612 3627 Sed
2653 3546 2928 3653 quod
2907 3570 2990 3622 333

407 3652 739 3747 Platonis
750 3718 813 3765 ‚
807 3664 1212 3763 Macrobii,
1244 3663 1617 3745 Plutarchi
1658 3662 1734 3741 &
1764 3662 2080 3745 aliorum
2120 3658 2430 3767 dialogis
2483 3660 2874 3769 perspicue·
2889 3656 2992 3849 gt

1288 3826 1291 3847 ·
1575 3780 1645 3859 R
1704 3798 1750 3859 2
2836 3796 2888 3877 p
