3475 4234
466 164 635 251 126
1090 158 1814 241 SCRIPTORES
1873 92 2338 239 POLONI

454 337 798 445 Paprocii
822 336 1037 418 Nido
1062 336 1387 416 Virtutis
1440 334 1773 415 visuntur
1798 388 1823 429 ,
1883 333 2206 439 expressa
2249 334 2464 415 sunt:
2521 336 2724 413 Non·
2773 353 3034 413 tamen
3087 332 3094 341 '

458 454 754 533 constat
774 504 798 546 ‚
824 450 1049 529 unde
1097 448 1679 553 Neugebauerus
1730 472 1852 527 eas
1901 447 2253 527 delineari
2291 448 2708 535 curaverit;
2749 447 2839 523 ab
2887 446 3032 524 illis
3153 440 3166 449 ’

458 565 666 645 enim
702 553 1083 667 Gvagnini
1120 562 1198 642 &
1226 560 1563 667 Paprocii
1596 554 1815 665 plane
1845 558 2219 639 differunt.
2327 560 2494 666 Ipse
2545 584 2796 639 autem
2815 582 3032 635 more

458 676 597 756 suo
624 676 1052 755 Authorem
1085 672 1493 781 effigier'um
1521 673 1782 751 harum
1798 726 1822 767 ,
1863 670 2068 749 unde
2096 698 2212 750 eas
2239 672 2526 778 accepit
2551 726 2576 767 ,
2608 672 2766 750 filet
2791 724 2816 765 ‚
2853 696 3032 751 cum

465 790 741 895 absque
770 786 1172 891 antiquiori
1208 788 1677 864 documento
1708 784 1874 863 talia
1921 783 2206 886 fingere
2230 785 2356 863 vix
2387 786 2744 889 potuerit.

710 896 949 978 Porro
978 900 1054 979 δι
1084 898 1171 975 in
1197 898 1465 976 ordine
1490 896 2046 993 succedentium
2080 897 2212 975 fibi
2227 897 2684 1001 Principum,
2701 922 2922 1004 atque
2947 900 3034 979 in

462 1014 929 1118 temporibus
978 1035 1245 1089 eorum
1277 1009 1721 1089 definiendis
1738 1064 1764 1105 ,
1805 1008 2124 1087 multum
2167 1004 2214 1084 ἓ
2239 1010 2544 1087 comuni
2571 1012 3046 1117 Scriptorum

464 1124 786 1227 discedit*
850 1121 1215 1201 sententia
1248 1178 1272 1219 ,
1356 1117 1559 1205 nulla
1635 1121 1897 1201 lectori
1957 1122 2218 1221 ‚relicta
2299 1120 2816 1203 elucidationis
2891 1119 3048 1205 sua:

466 1236 781 1316 ratione.
838 1237 1086 1329 Vitas,
1122 1235 1465 1315 iconibus
1494 1235 1817 1313 breviter
1846 1231 2274 1339 subscriptas
2288 1236 2866 1337 Neugebauerus
2878 1289 2903 1331 ,
2933 1262 3034 1316 ex

468 1348 856 1431 Herburti·
885 1346 1425 1453 compendioso
1468 1348 1867 1425 Chronico
1899 1400 1923 1441 ,
1981 1346 2226 1425 verbis
2281 1368 2371 1423 ut
2417 1347 2820 1452 plurimum
2877 1349 3034 1447 ejus

466 1460 1029 1563 retentis,magis
1058 1462 1465 1547 contraxit3
1503 1484 1742 1563 usque
1767 1454 1955 1537 adeo
1985 1458 2088 1537 illi
2115 1458 2389 1564 placuit
2413 1460 2664 1541 alienis
2691 1460 3037 1567 vestigiis,

468 1571 629 1653 imo
656 1574 733 1652 &
756 1574 1071 1677 pedibus
1092 1572 1473 1652 incedere.

705 1686 993 1765 XVII.
1050 1684 1569 1781 JACOBUS
1628 1684 2222 1779 soBIESKI,
2281 1683 2728 1765 Castellanus
2783 1682 3039 1790 postea

472 1794 981 1877 Cracovienfis
1006 1848 1031 1888 ‚
1086 1796 1324 1874 Marci
1378 1794 1682 1873 Palatini
1743 1795 2204 1876 Lublinensis
2258 1796 2450 1874 filius
2478 1850 2506 1890 ‚
2581 1797 3038 1876 celeberrimi

470 1908 693 2010 Regis
736 1906 1067 1984 Poloniae
1116 1906 1477 2003 Johannis
1524 1910 1657 1987 ΠΙ.
1704 1910 1922 1989 Pater
1957 1964 1983 2004 ‚
2037 1908 2432 1988 delineavit
2483 1910 3040 1987 commentarium

324 2098 327 2101 ,
470 2012 620 2101 belh·
652 2008 1165 2125 Chamimaum,
1188 2012 1365 2129 quod
1400 2022 1581 2098 Am
1610 2026 1860 2103 1620.
1901 2002 1996 2113 ἅ
2021 2016 2325 2131 fi’quenn·
2355 2066 2381 2102 .
2438 2016 2674 2133 Osman
2721 2028 2814 2099 Η.
2854 2020 3042 2101 ‘Tur-

470 2156 703 2212 cmm
719 2118 1089 2225 monarcha,
1107 2157 1203 2209 ex
1216 2130 1599 2213 x'rastiffimo
1622 2134 1946 2241 imperio
1970 2135 2400 2238 ingentibus
2428 2134 2754 2215 collectis
2779 2134 3044 2239 copiis,

474 2244 571 2324 ad
611 2240 1006 2324 delendam
1042 2242 1433 2325 Poloniam
1472 2246 1815 2353 finesque
1851 2247 2020 2326 suos
2049 2272 2290 2349 usque
2317 2248 2410 2325 ad
2433 2254 2643 2327 Mare
2679 2246 3044 2326 Balticum

472 2355 1043 2467 promovendos
1070 2412 1095 2453 ‚
1166 2360 1615 2441 conflaverat
1659 2390 1679 2447 ς
1738 2361 1817 2439 &
1887 2358 2102 2463 quod
2157 2356 2430 2437 Poloni
2494 2360 2634 2457 (ab
2690 2358 3044 2437 omnibus

472 2466 909 2553 Christianis
946 2470 1411 2579 Principibus
1470 2472 1800 2553 destituti
1827 2526 1852 2567 ,
1909 2471 2194 2549 cunffis
2233 2468 2328 2549 ad
2376 2470 2780 2575 legationes
2819 2471 3043 2549 verba

476 2608 643 2665 non
682 2582 867 2663 facia
907 2580 1389 2665 offerentibus
1416 2640 1444 2680 ‚
1484 2582 1647 2665 solo
1696 2588 1904 2689 Rege
1941 2582 2229 2688 Angliae
2255 2584 2540 2679 Jacobo
2568 2585 2628 2662 Ι.
2667 2604 2988 2687 excepto
3013 2636 3046 2679 ‚

478 2696 613 2802 qui
652 2696 745 2775 ad
784 2694 1131 2776 Ossolinii
1172 2698 1430 2801 Legati
1481 2698 1756 2777 Poloni
1795 2698 2267 2800 rogationem
2304 2751 2333 2794 ‚
2385 2697 2672 2801 aliquot
2731 2696 3046 2777 millium
3161 2684 3194 2709 ⁸

482 2829 931 2888 armatorum
964 2834 1267 2887 manum
1299 2809 1480 2887 mari
1515 2809 1919 2889 Gedanum
1944 2862 1969 2904 ,
2011 2810 2104 2887 ad
2145 2834 2376 2915 opem
2408 2809 2606 2886 bello
2634 2809 2812 2887 huic
2837 2806 3044 2885 fitero

484 2918 871 2999 ferendam
911 2974 937 3013 ,
998 2918 1473 3023 expediverat
1511 2922 1542 3019 )
1596 2920 1742 3000 suis
1787 2923 2066 3001 viribus
2093 2976 2117 3017 ,
2161 2920 2240 3001 ὃ(
2293 2917 2689 3019 majoribus
2731 2920 2992 2998 animis
3015 2974 3044 3015 ,

484 3031 821 3139 auspiciis
846 3030 1205 3136 Principis
1238 3032 1822 3138 Regiivladislai
1835 3088 1862 3131 ,
1893 3035 2116 3113 duciu
2141 3032 2666 3137 Chodkievicii
2693 3032 2770 3112 δε
2789 3033 3048 3111 Lubo-

484 3142 801 3225 miei-scii
839 3198 866 3239 ,
912 3142 1004 3221 ad
1044 3147 1331 3248 Tyram
1374 3172 1667 3226 amnem
1710 3143 1951 3253 prope
1981 3147 2474 3227 Chorzimum
2501 3146 2857 3251 progreffi
2889 3200 2914 3240 ‚
2941 3147 3072 3237 in.

488 3258 649 3364 ipso
678 3256 943 3363 Regni¹
966 3256 1204 3336 limite
1238 3256 1737 3339 sustinuerunt
1761 3311 1785 3354 ,
1825 3260 1902 3339 ἆ
1935 3260 2410 3365 quadraginta
2451 3257 2742 3337 dierum
2783 3258 3050 3339 defen-

490 3370 697 3450 fione
746 3370 1147 3451 castrorum
1188 3396 1451 3449 contra
1506 3366 1785 3451 rabiem
1810 3368 2312 3451 Barbaror-um'
2328 3426 2352 3466 ,
2397 3394 2534 3475 per
2572 3365 2717 3469 Dei
2743 3371 3050 3472 gratiam

494 3476 819 3587 gloriose
860 3485 1353 3565 confecerunt
1376 3538 1403 3581 ,
1445 3510 1856 3591 pacemque
1903 3484 2236 3564 Osmano
2269 3504 2634 3561 extortam
2658 3536 2686 3576 ‚
2737 3484 3050 3567 unicum

493 3592 861 3679 bellorum
889 3596 1213 3681 fructum
1244 3598 1559 3681 domum
1592 3598 2036 3681 retulerunt.
2135 3598 2372 3689 Hunc
2397 3594 3052 3693 Commentariun}
3085 3698 3093 3705 .

2889 3708 3050 3789 Ge·
